Citations list

CHI_0
@inproceedings{CHI0,
  title={Detecting visuo-haptic mismatches in virtual reality using the prediction error negativity of event-related brain potentials},
  author={Gehrke, Lukas and Akman, Sezen and Lopes, Pedro and Chen, Albert and Singh, Avinash Kumar and Chen, Hsiang-Ting and Lin, Chin-Teng and Gramann, Klaus},
  booktitle={Proceedings of the 2019 CHI Conference on Human Factors in Computing Systems},
  pages={1--11},
  year={2019}
}

CHI_1
@inproceedings{CHI1,
  title={Engaging high school students in cameroon with exam practice quizzes via sms and whatsapp},
  author={Poon, Anthony and Giroux, Sarah and Eloundou-Enyegue, Parfait and Guimbreti{\`e}re, Fran{\c{c}}ois and Dell, Nicola},
  booktitle={Proceedings of the 2019 CHI Conference on Human Factors in Computing Systems},
  pages={1--13},
  year={2019}
}

CHI_2
@inproceedings{CHI2,
  title={Springlets: Expressive, flexible and silent on-skin tactile interfaces},
  author={Hamdan, Nur Al-huda and Wagner, Adrian and Voelker, Simon and Steimle, J{\"u}rgen and Borchers, Jan},
  booktitle={Proceedings of the 2019 CHI Conference on Human Factors in Computing Systems},
  pages={1--14},
  year={2019}
}

CHI_3
@inproceedings{CHI3,
  title={HandSee: Enabling Full Hand Interaction on Smartphone with Front Camera-based Stereo Vision},
  author={Yu, Chun and Wei, Xiaoying and Vachher, Shubh and Qin, Yue and Liang, Chen and Weng, Yueting and Gu, Yizheng and Shi, Yuanchun},
  booktitle={Proceedings of the 2019 CHI Conference on Human Factors in Computing Systems},
  pages={1--13},
  year={2019}
}

CHI_4
@inproceedings{CHI4,
  title={User attitudes towards algorithmic opacity and transparency in online reviewing platforms},
  author={Eslami, Motahhare and Vaccaro, Kristen and Lee, Min Kyung and Elazari Bar On, Amit and Gilbert, Eric and Karahalios, Karrie},
  booktitle={Proceedings of the 2019 CHI Conference on Human Factors in Computing Systems},
  pages={1--14},
  year={2019}
}

CHI_5
@inproceedings{CHI5,
  title={Slow Robots for Unobtrusive Posture Correction},
  author={Shin, Joon-Gi and Onchi, Eiji and Reyes, Maria Jose and Song, Junbong and Lee, Uichin and Lee, Seung-Hee and Saakes, Daniel},
  booktitle={Proceedings of the 2019 CHI Conference on Human Factors in Computing Systems},
  pages={1--10},
  year={2019}
}


CHI_6
@inproceedings{CHI6,
  title={May AI? Design ideation with cooperative contextual bandits},
  author={Koch, Janin and Lucero, Andr{\'e}s and Hegemann, Lena and Oulasvirta, Antti},
  booktitle={Proceedings of the 2019 CHI Conference on Human Factors in Computing Systems},
  pages={1--12},
  year={2019}
}

CHI_7
@inproceedings{CHI7,
  title={Slow Robots for Unobtrusive Posture Correction},
  author={Shin, Joon-Gi and Onchi, Eiji and Reyes, Maria Jose and Song, Junbong and Lee, Uichin and Lee, Seung-Hee and Saakes, Daniel},
  booktitle={Proceedings of the 2019 CHI Conference on Human Factors in Computing Systems},
  pages={1--10},
  year={2019}
}

CHI_8
@inproceedings{CHI8,
  title={Caring for Vincent: A Chatbot for Self-Compassion},
  author={Lee, Minha and Ackermans, Sander and van As, Nena and Chang, Hanwen and Lucas, Enzo and IJsselsteijn, Wijnand},
  booktitle={Proceedings of the 2019 CHI Conference on Human Factors in Computing Systems},
  pages={1--13},
  year={2019}
}

CHI_9
@inproceedings{CHI9,
  title={Ftvr in vr: Evaluation of 3d perception with a simulated volumetric fish-tank virtual reality display},
  author={Fafard, Dylan and Stavness, Ian and Dechant, Martin and Mandryk, Regan and Zhou, Qian and Fels, Sidney},
  booktitle={Proceedings of the 2019 CHI Conference on Human Factors in Computing Systems},
  pages={1--12},
  year={2019}
}

JFE_0
@article{JFE0,
  title={The relevance of broker networks for information diffusion in the stock market},
  author={Di Maggio, Marco and Franzoni, Francesco and Kermani, Amir and Sommavilla, Carlo},
  journal={Journal of Financial Economics},
  volume={134},
  number={2},
  pages={419--446},
  year={2019},
  publisher={Elsevier}
}

JFE_1
@article{JFE1,
  title={Do firms hedge with foreign currency derivatives for employees?},
  author={Huang, Pinghsun and Huang, Hsin-Yi and Zhang, Yan},
  journal={Journal of Financial Economics},
  volume={133},
  number={2},
  pages={418--440},
  year={2019},
  publisher={Elsevier}
}

JFE_2
@article{JFE2,
  title={The liquidity cost of private equity investments: Evidence from secondary market transactions},
  author={Nadauld, Taylor D and Sensoy, Berk A and Vorkink, Keith and Weisbach, Michael S},
  journal={Journal of Financial Economics},
  volume={132},
  number={3},
  pages={158--181},
  year={2019},
  publisher={Elsevier}
}

JFE_3
@article{JFE3,
  title={Institutional investor cliques and governance},
  author={Crane, Alan D and Koch, Andrew and Michenaud, S{\'e}bastien},
  journal={Journal of Financial Economics},
  volume={133},
  number={1},
  pages={175--197},
  year={2019},
  publisher={Elsevier}
}

JFE_4
@article{JFE4,
  title={Policy externalities and banking integration},
  author={Smolyansky, Michael},
  journal={Journal of Financial Economics},
  volume={132},
  number={3},
  pages={118--139},
  year={2019},
  publisher={Elsevier}
}

JFE_5
@article{JFE5,
  title={Do labor markets discipline? Evidence from RMBS bankers},
  author={Griffin, John M and Kruger, Samuel and Maturana, Gonzalo},
  journal={Journal of Financial Economics},
  volume={133},
  number={3},
  pages={726--750},
  year={2019},
  publisher={Elsevier}
}

JFE_6
@article{JFE6,
  title={Firing the wrong workers: Financing constraints and labor misallocation},
  author={Caggese, Andrea and Cu{\~n}at, Vicente and Metzger, Daniel},
  journal={Journal of Financial Economics},
  volume={133},
  number={3},
  pages={589--607},
  year={2019},
  publisher={Elsevier}
}

JFE_7
@article{JFE7,
  title={Firing the wrong workers: Financing constraints and labor misallocation},
  author={Caggese, Andrea and Cu{\~n}at, Vicente and Metzger, Daniel},
  journal={Journal of Financial Economics},
  volume={133},
  number={3},
  pages={589--607},
  year={2019},
  publisher={Elsevier}
}

JFE_8
@article{JFE8,
  title={The power of shareholder votes: Evidence from uncontested director elections},
  author={Aggarwal, Reena and Dahiya, Sandeep and Prabhala, Nagpurnanand R},
  journal={Journal of Financial Economics},
  volume={133},
  number={1},
  pages={134--153},
  year={2019},
  publisher={Elsevier}
}

JFE_9
@article{JFE9,
  title={Bubbles for fama},
  author={Greenwood, Robin and Shleifer, Andrei and You, Yang},
  journal={Journal of Financial Economics},
  volume={131},
  number={1},
  pages={20--43},
  year={2019},
  publisher={Elsevier}
}

N_0
@article{N0,
  title={VISTA is an acidic pH-selective ligand for PSGL-1},
  author={Johnston, Robert J and Su, Linhui Julie and Pinckney, Jason and Critton, David and Boyer, Eric and Krishnakumar, Arathi and Corbett, Martin and Rankin, Andrew L and Dibella, Rose and Campbell, Lynne and others},
  journal={Nature},
  volume={574},
  number={7779},
  pages={565--570},
  year={2019},
  publisher={Nature Publishing Group}
}

N_1
@article{N1,
  title={A new species of Homo from the Late Pleistocene of the Philippines},
  author={D{\'e}troit, Florent and Mijares, Armand Salvador and Corny, Julien and Daver, Guillaume and Zanolli, Cl{\'e}ment and Dizon, Eusebio and Robles, Emil and Gr{\"u}n, Rainer and Piper, Philip J},
  journal={Nature},
  volume={568},
  number={7751},
  pages={181--186},
  year={2019},
  publisher={Nature Publishing Group}
}

N_2
@article{N2,
  title={H+ transport is an integral function of the mitochondrial ADP/ATP carrier},
  author={Bertholet, Ambre M and Chouchani, Edward T and Kazak, Lawrence and Angelin, Alessia and Fedorenko, Andriy and Long, Jonathan Z and Vidoni, Sara and Garrity, Ryan and Cho, Joonseok and Terada, Naohiro and others},
  journal={Nature},
  volume={571},
  number={7766},
  pages={515--520},
  year={2019},
  publisher={Nature Publishing Group}
}

N_3
@article{N3,
  title={Antarctic offshore polynyas linked to Southern Hemisphere climate anomalies},
  author={Campbell, Ethan C and Wilson, Earle A and Moore, GW Kent and Riser, Stephen C and Brayton, Casey E and Mazloff, Matthew R and Talley, Lynne D},
  journal={Nature},
  volume={570},
  number={7761},
  pages={319--325},
  year={2019},
  publisher={Nature Publishing Group}
}

N_4 
@article{N4,
  title={Metastatic-niche labelling reveals parenchymal cells with stem features},
  author={Ombrato, Luigi and Nolan, Emma and Kurelac, Ivana and Mavousian, Antranik and Bridgeman, Victoria Louise and Heinze, Ivonne and Chakravarty, Probir and Horswell, Stuart and Gonzalez-Gualda, Estela and Matacchione, Giulia and others},
  journal={Nature},
  volume={572},
  number={7771},
  pages={603--608},
  year={2019},
  publisher={Nature Publishing Group}
}

N_5
@article{N5,
  title={Multi-omics profiling of mouse gastrulation at single-cell resolution},
  author={Argelaguet, Ricard and Clark, Stephen J and Mohammed, Hisham and Stapel, L Carine and Krueger, Christel and Kapourani, Chantriolnt-Andreas and Imaz-Rosshandler, Ivan and Lohoff, Tim and Xiang, Yunlong and Hanna, Courtney W and others},
  journal={Nature},
  volume={576},
  number={7787},
  pages={487--491},
  year={2019},
  publisher={Nature Publishing Group}
}

N_6
@article{N6,
  title={Dynamics and genomic landscape of CD8+ T cells undergoing hepatic priming},
  author={B{\'e}n{\'e}chet, Alexandre P and De Simone, Giorgia and Di Lucia, Pietro and Cilenti, Francesco and Barbiera, Giulia and Le Bert, Nina and Fumagalli, Valeria and Lusito, Eleonora and Moalli, Federica and Bianchessi, Valentina and others},
  journal={Nature},
  volume={574},
  number={7777},
  pages={200--205},
  year={2019},
  publisher={Nature Publishing Group}
}

N_7
@article{N7,
  title={Prediction and observation of an antiferromagnetic topological insulator},
  author={Otrokov, Mikhail M and Klimovskikh, Ilya I and Bentmann, Hendrik and Estyunin, D and Zeugner, Alexander and Aliev, Ziya S and Ga{\ss}, S and Wolter, AUB and Koroleva, AV and Shikin, Alexander M and others},
  journal={Nature},
  volume={576},
  number={7787},
  pages={416--422},
  year={2019},
  publisher={Nature Publishing Group}
}

N_8
@article{N8,
  title={Insect egg size and shape evolve with ecology but not developmental rate},
  author={Church, Samuel H and Donoughe, Seth and de Medeiros, Bruno AS and Extavour, Cassandra G},
  journal={Nature},
  volume={571},
  number={7763},
  pages={58--62},
  year={2019},
  publisher={Nature Publishing Group}
}


N_9
@article{N9,
  title={Progenitors from the central nervous system drive neurogenesis in cancer},
  author={Mauffrey, Philippe and Tchitchek, Nicolas and Barroca, Vilma and Bemelmans, Alexis and Firlej, Virginie and Allory, Yves and Romeo, Paul-Henri and Magnon, Claire},
  journal={Nature},
  volume={569},
  number={7758},
  pages={672--678},
  year={2019},
  publisher={Nature Publishing Group}
}

PNAS_0
@article{PNAS0,
  title={GUN1 interacts with MORF2 to regulate plastid RNA editing during retrograde signaling},
  author={Zhao, Xiaobo and Huang, Jianyan and Chory, Joanne},
  journal={Proceedings of the National Academy of Sciences},
  volume={116},
  number={20},
  pages={10162--10167},
  year={2019},
  publisher={National Acad Sciences}
}

PNAS_1
@article{PNAS1,
  title={Brain-wide genetic mapping identifies the indusium griseum as a prenatal target of pharmacologically unrelated psychostimulants},
  author={Fuzik, Janos and Rehman, Sabah and Girach, Fatima and Miklosi, Andras G and Korchynska, Solomiia and Arque, Gloria and Romanov, Roman A and Hanics, J{\'a}nos and Wagner, Ludwig and Meletis, Konstantinos and others},
  journal={Proceedings of the National Academy of Sciences},
  volume={116},
  number={51},
  pages={25958--25967},
  year={2019},
  publisher={National Acad Sciences}
}

PNAS_2
@article{PNAS2,
author = {Veneziano, Dario and Tomasello, Luisa and Balatti, Veronica and Palamarchuk, Alexey and Rassenti, Laura Z. and Kipps, Thomas J. and Pekarsky, Yuri and Croce, Carlo M.},
title = {Dysregulation of different classes of tRNA fragments in chronic lymphocytic leukemia},
volume = {116},
number = {48},
pages = {24252--24258},
year = {2019},
publisher = {National Academy of Sciences}
}

PNAS_3
@article {PNAS3,
author = {Halder, Sebok K. and Milner, Richard},
title = {A critical role for microglia in maintaining vascular integrity in the hypoxic spinal cord},
volume = {116},
number = {51},
pages = {26029--26037},
year = {2019},
publisher = {National Academy of Sciences}
}

PNAS_4
@article {PNAS4,
author = {Choy, Meng S. and Moon, Thomas M. and Ravindran, Rini and Bray, Johnny A. and Robinson, Lucy C. and Archuleta, Tara L. and Shi, Wuxian and Peti, Wolfgang and Tatchell, Kelly and Page, Rebecca},
title = {SDS22 selectively recognizes and traps metal-deficient inactive PP1},
volume = {116},
number = {41},
pages = {20472--20481},
year = {2019},
publisher = {National Academy of Sciences}
}

PNAS_5
@article {PNAS5,
author = {Bughio, Farah and Huckell, Gary R. and Maggert, Keith A.},
title = {Monitoring of switches in heterochromatin-induced silencing shows incomplete establishment and developmental instabilities},
volume = {116},
number = {40},
pages = {20043--20053},
year = {2019},
publisher = {National Academy of Sciences}
}

PNAS_6
@article {PNAS6,
author = {Zhou, Zixu and Wu, Qiuyang and Yan, Zhangming and Zheng, Haizi and Chen, Chien-Ju and Liu, Yuan and Qi, Zhijie and Calandrelli, Riccardo and Chen, Zhen and Chien, Shu and Su, H. Irene and Zhong, Sheng},
title = {Extracellular RNA in a single droplet of human serum reflects physiologic and disease states},
volume = {116},
number = {38},
pages = {19200--19208},
year = {2019},
publisher = {National Academy of Sciences}
}

PNAS_7
@article {PNAS7,
author = {Leong, Merrin Man Long and Cheung, Arthur Kwok Leung and Dai, Wei and Tsao, Sai Wah and Tsang, Chi Man and Dawson, Christopher W. and Mun Yee Ko, Josephine and Lung, Maria Li},
title = {EBV infection is associated with histone bivalent switch modifications in squamous epithelial cells},
volume = {116},
number = {28},
pages = {14144--14153},
year = {2019},
publisher = {National Academy of Sciences}
}

PNAS_8
@article {PNAS8,
author = {Liu, Chang and Ge, Hui-Min and Liu, Bai-Hui and Dong, Rui and Shan, Kun and Chen, Xue and Yao, Mu-Di and Li, Xiu-Miao and Yao, Jin and Zhou, Rong-Mei and Zhang, Shu-Jie and Jiang, Qin and Zhao, Chen and Yan, Biao},
title = {Targeting pericyte{\textendash}endothelial cell crosstalk by circular RNA-cPWWP2A inhibition aggravates diabetes-induced microvascular dysfunction},
volume = {116},
number = {15},
pages = {7455--7464},
year = {2019},
publisher = {National Academy of Sciences}
}

PNAS_9
@article {PNAS9,
author = {McCloskey, Kevin and Taly, Ankur and Monti, Federico and Brenner, Michael P. and Colwell, Lucy J.},
title = {Using attribution to decode binding mechanism in neural network models for chemistry},
volume = {116},
number = {24},
pages = {11624--11629},
year = {2019},
publisher = {National Academy of Sciences}
}

PS_0 
@article{PS0,
author = {Natalie Biderman and Roy Luria and Andrei R. Teodorescu and Ron Hajaj and Yonatan Goshen-Gottstein},
title ={Working Memory Has Better Fidelity Than Long-Term Memory: The Fidelity Constraint Is Not a General Property of Memory After All},
journal = {Psychological Science},
volume = {30},
number = {2},
pages = {223-237},
year = {2019}
}

PS_1 
@article{PS1,
author = {Mireia Hernández and María-Ángeles Palomar-García and Benito Nohales-Nieto and Gustau Olcina-Sempere and Esteban Villar-Rodríguez and Raúl Pastor and César Ávila and Maria-Antònia Parcet},
title ={Separate Contribution of Striatum Volume and Pitch Discrimination to Individual Differences in Music Reward},
journal = {Psychological Science},
volume = {30},
number = {9},
pages = {1352-1361},
year = {2019}
}

PS_2 
@article{PS2,
author = {Timothy Ballard and David K. Sewell and Daniel Cosgrove and Andrew Neal},
title ={Information Processing Under Reward Versus Under Punishment},
journal = {Psychological Science},
volume = {30},
number = {5},
pages = {757-764},
year = {2019}
}

PS_3 
@article{PS3,
author = {Nadia Chernyak and Kristin L. Leimgruber and Yarrow C. Dunham and Jingshi Hu and Peter R. Blake},
title ={Paying Back People Who Harmed Us but Not People Who Helped Us: Direct Negative Reciprocity Precedes Direct Positive Reciprocity in Early Development},
journal = {Psychological Science},
volume = {30},
number = {9},
pages = {1273-1286},
year = {2019}
}


PS_4
@article{PS4,
author = {Nina Thigpen and Nathan M. Petro and Jessica Oschwald and Klaus Oberauer and Andreas Keil},
title ={Selection of Visual Objects in Perception and Working Memory One at a Time},
journal = {Psychological Science},
volume = {30},
number = {9},
pages = {1259-1272},
year = {2019}
}

PS_5 
@article{PS5,
author = {Emil Persson and Erkin Asutay and Markus Heilig and Andreas Löfberg and Nancy Pedersen and Daniel Västfjäll and Gustav Tinghög},
title ={Variation in the $\mu$-Opioid Receptor Gene (OPRM1) Does Not Moderate Social-Rejection Sensitivity in Humans},
journal = {Psychological Science},
volume = {30},
number = {7},
pages = {1050-1062},
year = {2019}
}

PS_6 
@article{PS6,
author = {Maryam Kouchaki and Francesca Gino and Yuval Feldman},
title ={The Ethical Perils of Personal, Communal Relations: A Language Perspective},
journal = {Psychological Science},
volume = {30},
number = {12},
pages = {1745-1766},
year = {2019}
}

PS_7
@article{PS7,
author = {Liuba Papeo and Nicolas Goupil and Salvador Soto-Faraco},
title ={Visual Search for People Among People},
journal = {Psychological Science},
volume = {30},
number = {10},
pages = {1483-1496},
year = {2019}
}

PS_8 
@article{PS8,
author = {Anqing Zheng and Elliot M. Tucker-Drob and Daniel A. Briley},
title ={National Gross Domestic Product, Science Interest, and Science Achievement: A Direct Replication and Extension of the Tucker-Drob, Cheung, and Briley (2014) Study},
journal = {Psychological Science},
volume = {30},
number = {5},
pages = {776-788},
year = {2019}
}

PS_9 
@article{PS9,
author = {Chi T. Ngo and Aidan J. Horner and Nora S. Newcombe and Ingrid R. Olson},
title ={Development of Holistic Episodic Recollection},
journal = {Psychological Science},
volume = {30},
number = {12},
pages = {1696-1706},
year = {2019}
}





