Current Events
@article{wef2019:FourthRev,
title={Data Science in thNew Economy: A new race for talent in the Fourth Industrial Revolution},
author={Center for the New Economy and Society},
journal={Insight Report, World Economic Forum},
year={2019},
url={"http://www3.weforum.org/docs/WEF_Data_Science_In_the_New_Economy.pdf"}
}

@article{baker2016NatureSurvey,
  title={1,500 scientists lift the lid on reproducibility},
  author={Baker, Monya},
  journal={Nature},
  volume={533},
  number={7604},
  year={2016}
}


Stats libraries
@article{grolemund2019:recommendedR,
title={Quick list of useful R packages},
author={Grolemund, Garrett},
journal={R Studio Support},
year={2019},
url={"https://support.rstudio.com/hc/en-us/articles/201057987-Quick-list-of-useful-R-packages"}
}

@article{bobriakov2018:top20Python,
title={Top 20 Python libraries for data science in 2018},
author={Bobriakov, Igor},
journal={ActiveWizards in Medium},
year={2018},
url={"https://medium.com/activewizards-machine-learning-company/top-20-python-libraries-for-data-science-in-2018-2ae7d1db8049"}
}

@article{bobriakov2017:top15Python,
title={Top 15 Python Libraries for Data Science in 2017},
author={Bobriakov, Igor},
journal={ActiveWizards in Medium},
year={2017},
url={"https://medium.com/activewizards-machine-learning-company/top-15-python-libraries-for-data-science-in-in-2017-ab61b4f9b4a7"}
}

@article{prabhu2019:topPython,
title={Top Python Libraries Used In Data Science},
author={Prabhu, Tanu N},
journal={Towards Data Science, Medium},
year={2019},
url={"https://towardsdatascience.com/top-python-libraries-used-in-data-science-a58e90f1b4ba"}
}

@Misc{rStudioCommunity,
author =    {Fer},
title =     {Response to "Most popular packages for linear modeling?"},
year =      {2019},
url = "https://community.rstudio.com/t/most-popular-packages-for-linear-modeling/46982"
}

@Misc{rStudioTwitter,
author =    {Valentin Lucet},
title =     {[Tweet]"Probably lme4 and brms"},
year =      {2019},
url = "https://twitter.com/VLucet/status/1204550195582840832"
}


@article{sumsofsquaresBlog,
author =    {Joos Korstanje},
title =     {"ANOVA's three types of estimating Sums of Squares: don't make the wrong choice!"},
journal=    {Towards Data Science, Medium},
year =      {2019},
url = {"https://towardsdatascience.com/anovas-three-types-of-estimating-sums-of-squares-don-t-make-the-wrong-choice-91107c77a27a"}
}

@article{bates2014fittingLme4,
title={Fitting linear mixed-effects models using lme4},
author={Bates, Douglas and M{\"a}chler, Martin and Bolker, Ben and Walker, Steve},
journal={arXiv preprint arXiv:1406.5823},
year={2014}
}

@article{bates2014lme4Ref,
title={Package `lme4`},
author={Bates, Douglas and M{\"a}chler, Martin and Bolker, Ben and Walker, Steve and Christensen, Rune H.B. and Singmann, Henrik and Dai, Bin and Scheipl, Fabian and Grothendieck, Gabor and Green, Peter and Fox, John},
journal={CRAN},
year={2019},
url={"https://cran.r-project.org/web/packages/lme4/lme4.pdf"}
}

@article{statsCoreRRef,
title={Package `stats` v4.1.0},
author={R Core Team and contributors worldwide},
journal={CRAN},
year={2020},
url={"https://stat.ethz.ch/R-manual/R-devel/library/stats/html/00Index.html"}
}


@article{burkner2017brms,
title={brms: An R package for Bayesian multilevel models using Stan},
author={B{\"u}rkner, Paul-Christian and others},
journal={Journal of statistical software},
volume={80},
number={1},
pages={1--28},
year={2017}
}

@article{brmsRef,
title={Package ‘brms'},
author={B{\"u}rkner, Paul-Christian and Buerkner, Maintainer Paul-Christian},
year={2016}
}


@article{glmmtmbPaper,
title={glmmTMB balances speed and flexibility among packages for zero-inflated generalized linear mixed modeling},
author={Brooks, Mollie E and Kristensen, Kasper and van Benthem, Koen J and Magnusson, Arni and Berg, Casper W and Nielsen, Anders and Skaug, Hans J and Machler, Martin and Bolker, Benjamin M},
journal={The R journal},
volume={9},
number={2},
pages={378--400},
year={2017},
publisher={Technische Universitaet Wien}
}

@article{glmmtmbRef,
title={Package ‘glmmTMB'},
author={Arni Magnusson and Hans Skaug and Anders Nielsen and Casper Berg and Kasper Kristensen and Martin Maechler and Koen van Bentham and Ben Bolker and Nafis Sadat and Daniel L{\"u}decke and Russ Lenth and Joseph O'Brien and Mollie Brooks},
year={2020},
url={"https://cran.r-project.org/web/packages/glmmTMB/index.html"}
}

@article{glmnetRef,
title={Package ‘glmnet`},
author={Jerome Friedman and Trevor Hastie and Rob Tibshirani and Balasubramanian Narasimhan and Kenneth Tay and Noah Simon and Junyang Qian},
year={2020},
url={"https://cran.r-project.org/web/packages/glmnet/index.html"}
}

@article{glmnetVignette,
title={Glmnet vignette},
author={Hastie, Trevor and Qian, Junyang},
year={2014},
url={https://web.stanford.edu/~hastie/glmnet/glmnet_alpha.html}
}

@article{mass,
title={Package ‘MASS`},
author={Brian Ripley and Bill Venables and Douglas M. Bates and Kurt Hornik and Albrecht Gebhardt and and David Firth},
year={2020},
url={"https://cran.r-project.org/web/packages/MASS/MASS.pdf"}
}

@article{edgeROverview,
title={Empirical Analysis of Digital Gene Expression Data in R (v3.30.3)},
author={Yunshun Chen and Aaron TL Lun and Davis J McCarthy and Matthew E Ritchie and Belinda Phipson and Yifang Hu and Xiaobei Zhou and Mark D Robinson and Gordon K Smyth},
year={2020},
url={"https://bioconductor.org/packages/release/bioc/html/edgeR.html"}
}


@article{edgeRUsersGuide,
title={edgeR: differential analysisof sequence read count data},
author={Yunshun Chen and David McCarthy and Matthew Ritchie and Mark Robinson and Gordon Smyth},
year={2020},
url={"https://bioconductor.org/packages/release/bioc/vignettes/edgeR/inst/doc/edgeRUsersGuide.pdf"}
}


@article{MCMCglmmPaper,
title={MCMC methods for multi-response generalized linear mixed models: the MCMCglmm R package},
author={Hadfield, Jarrod D and others},
journal={Journal of Statistical Software},
volume={33},
number={2},
pages={1--22},
year={2010}
}

@article{MCMCglmmRef,
title={Package ‘MCMCglmm`},
author={Jarrod Hadfield},
year={2020},
url={"https://cran.r-project.org/web/packages/MCMCglmm/MCMCglmm.pdf"}
}

@article{nlmeRef,
title={Package ‘nlme`},
author={Jos{\'e} Pinheiro and Douglas Bates and Saikat DebRoy and Deepayan Sarkar and EISPACK authors and Siem Heisterkamp and Bert Van Willigen and R-core},
year={2020},
url={"https://cran.r-project.org/web/packages/nlme/nlme.pdf"}
}

@article{randomForestR,
title={Package ‘randomForest`},
author={Leo Breiman and Adele Cutler and Andy Liaw and Matthew Wiener},
year={2018},
url={"https://cran.r-project.org/web/packages/randomForest/randomForest.pdf"}
}

@Misc{matlab,
title={Matlab},
author={The MathWorks, Inc.},
year={2020},
url={"https://www.mathworks.com/"}
}

@article{matlabStats,
title={Statistics and Machine Learning Toolbox},
author={The MathWorks, Inc.},
year={2020},
url={"https://www.mathworks.com/help/stats/index.html"}
}

@article{graphPadUserGuide,
title={GraphPad Prism 8 User Guide},
author={GraphPad Software, LLC.},
year={2020},
url={"https://www.graphpad.com/guides/prism/8/user-guide/index.htm"}
}

@Misc{jasp,
title={JASP: A Fresh Way to do Statistics},
author={University of Amsterdam},
year={2020},
url={"https://jasp-stats.org/"}
}

@Misc{jmp,
title={JMP},
author={SAS},
year={2020},
url={"https://www.jmp.com/en_us/home.html"}
}

@Misc{jmpDOE,
title={JMP},
author={SAS},
year={2020},
url={"https://www.jmp.com/en_us/home.html"}
}


@article{jones2011jmp,
title={JMP statistical discovery software},
author={Jones, Bradley and Sall, John},
journal={Wiley Interdisciplinary Reviews: Computational Statistics},
volume={3},
number={3},
pages={188--194},
year={2011},
publisher={Wiley Online Library}
}


@inproceedings{statsmodelsPaper,
title={Statsmodels: Econometric and statistical modeling with python},
author={Seabold, Skipper and Perktold, Josef},
booktitle={Proceedings of the 9th Python in Science Conference},
volume={57},
pages={61},
year={2010},
organization={Scipy}
}

@article{statsmodelsRef,
title={Statsmodels v0.10.2 Reference Guide},
author={Perktold, Josef and Seabold, Skipper and Taylor, Jonathan and statsmodels-developers},
year={2020},
url={"https://www.statsmodels.org/stable"},
urldate={2020-09-15}
}

@article{statsmodelsComparetoLME4Ref,
title={Comparing R lmer to statsmodels MixedLM},
author={Perktold, Josef and Seabold, Skipper and Taylor, Jonathan and statsmodels-developers},
year={2019},
url={"http://www.statsmodels.org/devel/examples/notebooks/generated/mixed_lm_example.html\#Comparing-R-lmer-to-statsmodels-MixedLM"},
urldate={2019-01-26}
}

@article{scipyRef,
title={SciPy v1.4.1 Reference Guide: Statistical functions (scipy.stats)},
author={SciPy Community},
year={2019},
url={https://docs.scipy.org/doc/scipy/reference/stats.html\#statsrefmanual},
urldate={2019-01-07}
}

@article{pedregosa2011scikit,
title={Scikit-learn: Machine learning in Python},
author={Pedregosa, Fabian and Varoquaux, Ga{\"e}l and Gramfort, Alexandre and Michel, Vincent and Thirion, Bertrand and Grisel, Olivier and Blondel, Mathieu and Prettenhofer, Peter and Weiss, Ron and Dubourg, Vincent and others},
journal={Journal of machine learning research},
volume={12},
number={Oct},
pages={2825--2830},
year={2011}
}

@article{buitinck2013scikitApi,
title={API design for machine learning software: experiences from the scikit-learn project},
author={Buitinck, Lars and Louppe, Gilles and Blondel, Mathieu and Pedregosa, Fabian and Mueller, Andreas and Grisel, Olivier and Niculae, Vlad and Prettenhofer, Peter and Gramfort, Alexandre and Grobler, Jaques and others},
journal={arXiv preprint arXiv:1309.0238},
year={2013}
}

@misc{scikitRef,
title={Scikit-Learn v0.23.2 Documentation},
author={scikit-learn developers},
year={2020},
url={https://scikit-learn.org/stable/},
urldate={2020-09-15}
}

@misc{scikitGLM,
title={Scikit-Learn v0.24.2 Documentation: Generalized Linear Regression},
author={scikit-learn developers},
year={2021},
url={https://scikit-learn.org/stable/modules/linear_model.html\#generalized-linear-regression},
urldate={2021-09-02}
}

@article{H2OAutoMLexplainability,
    title={H2OAutoML v3.32.1.6 Documentation: Model Explainability},
    author={H2OAutoML developers},
    year={2021},
    url={https://docs.h2o.ai/h2o/latest-stable/h2o-docs/explain.html\#model-explainability},
    urldate={2021-09-02}
}

@Misc{patsy,
author =    {Smith, Nathaniel J.},
title =     {{Patsy}: Describing statistical models in Python},
year =      {2011--2015},
url = "https://patsy.readthedocs.io"
}

@online{statsmodelsFormula,
author={Perktold, Josef and Seabold, Skipper and Taylor, Jonathan and statsmodels-developers},
year={2019},
url={"https://www.statsmodels.org/dev/example_formulas.html"},
urldate={2019-01-07}
}

@Misc{sklearn-lmer,
author =    {Nielson, Dylan},
title =     {{Sklearn-lmer}: Scikit-learn estimator wrappers for pymer4 wrapped LME4 mixed effects models},
year =      {2019},
url = "https://pypi.org/project/sklearn-lmer/"
}

@Misc{multcomp,
author =    {Hothorn, Torsten and Bretz, Frank and Westfall, Peter and Heiberger, Richard M. and Schuetzenmeister, Andre and Scheibe, Susan},
title =     {{Sklearn-lmer}: Scikit-learn estimator wrappers for pymer4 wrapped LME4 mixed effects models},
year =      {2019},
url = "https://cran.r-project.org/web/packages/multcomp/multcomp.pdf"
}

@misc{payne1987genstat,
title={Genstat 5 reference manual.},
author={Payne, RW and Lane, PW and Ainsley, AE and Bicknell, KE and Digby, PGN and Harding, S A\_ and Leech, PK and Simpson, HR and Todd, AD and Verrier, PJ and others},
year={1987}
}

@article{jolly2018pymer4,
title={Pymer4: connecting R and Python for linear mixed modeling},
author={Jolly, Eshin},
journal={Journal of Open Source Software},
volume={3},
number={31},
pages={862},
year={2018}
}



% Prior Work
@article{liu2019understanding,
title={Understanding the Role of Alternatives in Data Analysis Practices},
author={Liu, Jiali and Boukhelifa, Nadia and Eagan, James R},
journal={IEEE transactions on visualization and computer graphics},
volume={26},
number={1},
pages={66--76},
year={2019},
publisher={IEEE}
}

@article{liu2019paths,
title={Paths Explored, Paths Omitted, Paths Obscured: Decision Points \& Selective Reporting in End-to-End Data Analysis},
author={Liu, Yang and Althoff, Tim and Heer, Jeffrey},
journal={arXiv preprint arXiv:1910.13602},
year={2019}
}

@article{battle2019EVA,
title = {Characterizing Exploratory Visual Analysis: A Literature Review and Evaluation of Analytic Provenance in Tableau},
author = {Leilani Battle AND Jeffrey Heer},
journal = {Computer Graphics Forum (Proc. EuroVis)},
year = {2019},
url = {"http://idl.cs.washington.edu/papers/exploratory-visual-analysis"},
}

@article{alspaugh2018futzing,
title={Futzing and moseying: Interviews with professional data analysts on exploration practices},
author={Alspaugh, Sara and Zokaei, Nava and Liu, Andrea and Jin, Cindy and Hearst, Marti A},
journal={IEEE transactions on visualization and computer graphics},
volume={25},
number={1},
pages={22--31},
year={2018},
publisher={IEEE}
}

@article{wongsuphasawat2019EDAgoals,
title={Goals, Process, and Challenges of Exploratory Data Analysis: An Interview Study},
author={Wongsuphasawat, Kanit and Liu, Yang and Heer, Jeffrey},
journal={arXiv preprint arXiv:1911.00568},
year={2019}
}


@inproceedings{kale2019decision,
title={Decision-making under uncertainty in research synthesis: Designing for the garden of forking paths},
author={Kale, Alex and Kay, Matthew and Hullman, Jessica},
booktitle={Proceedings of the 2019 CHI Conference on Human Factors in Computing Systems},
pages={1--14},
year={2019}
}


@inproceedings{pirolli2005sensemaking,
title={The sensemaking process and leverage points for analyst technology as identified through cognitive task analysis},
author={Pirolli, Peter and Card, Stuart},
booktitle={Proceedings of international conference on intelligence analysis},
volume={5},
pages={2--4},
year={2005},
organization={McLean, VA, USA}
}

@inproceedings{russell1993cost,
title={The cost structure of sensemaking},
author={Russell, Daniel M and Stefik, Mark J and Pirolli, Peter and Card, Stuart K},
booktitle={Proceedings of the INTERACT'93 and CHI'93 conference on Human factors in computing systems},
pages={269--276},
year={1993},
organization={ACM}
}

@incollection{klein2007dataFrame,
title={A data--frame theory of sensemaking},
author={Klein, Gary and Phillips, Jennifer K and Rall, Erica L and Peluso, Deborah A},
booktitle={Expertise out of context},
pages={118--160},
year={2007},
publisher={Psychology Press}
}

@article{grolemund2014cognitive,
title={A cognitive interpretation of data analysis},
author={Grolemund, Garrett and Wickham, Hadley},
journal={International Statistical Review},
volume={82},
number={2},
pages={184--204},
year={2014},
publisher={Wiley Online Library}
}

@article{jun2022hypoForm,
  title={Hypothesis formalization: Empirical findings, software limitations, and design implications},
  author={Jun, Eunice and Birchfield, Melissa and De Moura, Nicole and Heer, Jeffrey and Just, Rene},
  journal={ACM Transactions on Computer-Human Interaction (TOCHI)},
  volume={29},
  number={1},
  pages={1--28},
  year={2022},
  publisher={ACM New York, NY}
}


% Classics
@article{norman1986cognitive,
title={Cognitive engineering},
author={Norman, Donald A},
journal={User centered system design},
volume={31},
pages={61},
year={1986}
}

% Methods
@article{mcdonald2019reliability,
title={Reliability and inter-rater reliability in qualitative research: Norms and guidelines for CSCW and HCI practice},
author={McDonald, Nora and Schoenebeck, Sarita and Forte, Andrea},
journal={Proceedings of the ACM on Human-Computer Interaction},
volume={3},
number={CSCW},
pages={1--23},
year={2019},
publisher={ACM New York, NY, USA}
}

@book{bertin2011graphics,
title={Graphics and graphic information processing},
author={Bertin, Jacques},
year={2011},
publisher={Walter de Gruyter}
}

@inproceedings{feigenspan2012measuring,
title={Measuring programming experience},
author={Feigenspan, Janet and K{\"a}stner, Christian and Liebig, J{\"o}rg and Apel, Sven and Hanenberg, Stefan},
booktitle={2012 20th IEEE International Conference on Program Comprehension (ICPC)},
pages={73--82},
year={2012},
organization={IEEE}
}

@article{braun2006thematicAnalysis,
title={Using thematic analysis in psychology},
author={Braun, Virginia and Clarke, Victoria},
journal={Qualitative research in psychology},
volume={3},
number={2},
pages={77--101},
year={2006},
publisher={Taylor \& Francis}
}

@article{glaser1967discovery,
title={The discovery of grounded theory. 1967},
author={Glaser, Barney and Strauss, Anselm},
journal={Weidenfield \& Nicolson, London},
pages={1--19},
year={1967}
}

@incollection{muller2014GTM,
title={Curiosity, creativity, and surprise as analytic tools: Grounded theory method},
author={Muller, Michael},
booktitle={Ways of Knowing in HCI},
pages={25--48},
year={2014},
publisher={Springer}
}

@article{corbin2008strategies,
title={Strategies for qualitative data analysis},
author={Corbin, Juliet and Strauss, Anselm},
journal={Basics of Qualitative Research. Techniques and procedures for developing grounded theory},
volume={3},
year={2008},
publisher={Sage Publications Inc}
}

@article{pane2001studying,
title={Studying the language and structure in non-programmers' solutions to programming problems},
author={Pane, John F and Myers, Brad A and others},
journal={International Journal of Human-Computer Studies},
volume={54},
number={2},
pages={237--264},
year={2001},
publisher={Elsevier}
}

@article{reinhart2019thinkaloud,
title={Think-aloud interviews: A tool for exploring student statistical reasoning},
author={Reinhart, Alex and Evans, Ciaran and Luby, Amanda and Orellana, Josue and Meyer, Mikaela and Wieczorek, Jerzy and Elliott, Peter and Burckhardt, Philipp and Nugent, Rebecca},
journal={arXiv preprint arXiv:1911.00535},
year={2019}
}


@inproceedings{blackwell2001cognitive,
title={Cognitive dimensions of notations: Design tools for cognitive technology},
author={Blackwell, Alan F and Britton, Carol and Cox, A and Green, Thomas RG and Gurr, Corin and Kadoda, Gada and Kutar, MS and Loomes, Martin and Nehaniv, Chrystopher L and Petre, Marian and others},
booktitle={International Conference on Cognitive Technology},
pages={325--341},
year={2001},
organization={Springer}
}

@article{Bos2007:Collaboratories,
title={From shared databases to communities of practice: A taxonomy of collaboratories},
author={Bos, Nathan and Zimmerman, Ann and Olson, Judith and Yew, Jude and Yerkie, Jason and Dahl, Erik and Olson, Gary},
journal={Journal of Computer-Mediated Communication},
volume={12},
number={2},
pages={652--672},
year={2007},
publisher={Wiley Online Library}
}

@article{myers2016programmers,
title={Programmers are users too: Human-centered methods for improving programming tools},
author={Myers, Brad A and Ko, Andrew J and LaToza, Thomas D and Yoon, YoungSeok},
journal={Computer},
volume={49},
number={7},
pages={44--52},
year={2016},
publisher={IEEE}
}

@article{myers2004natural,
title={Natural programming languages and environments},
author={Myers, Brad A and Pane, John F and Ko, Andy},
journal={Communications of the ACM},
volume={47},
number={9},
pages={47--52},
year={2004},
publisher={ACM New York, NY, USA}
}

@phdthesis{pane2002programming,
title={A programming system for children that is designed for usability},
author={Pane, John F and Myers, Brad A and Garlan, David},
year={2002},
school={Citeseer}
}

% Programming and SE
@inproceedings{von1997program,
title={Program understanding behavior during debugging of large scale software},
author={von Mayrhauser, Anneliese and Vans, A Marie},
booktitle={Papers presented at the seventh workshop on Empirical studies of programmers},
pages={157--179},
year={1997}
}

@incollection{hoc1990language,
title={Language semantics, mental models and analogy},
author={Hoc, Jean-Michel and Nguyen-Xuan, Anh},
booktitle={Psychology of programming},
pages={139--156},
year={1990},
publisher={Elsevier}
}


% Dataset
@misc{pewDataset,
title={Higher Education, Gender \& Work Dataset},
author={Michael Suh},
year={2014},
publisher={Pew Research Center},
url={"https://www.pewsocialtrends.org/category/datasets/?download=20041"}
}

@misc{lo2019gorc,
  title={GORC: A large contextual citation graph of academic papers},
  author={Kyle Lo and Lucy Lu Wang and Mark Neumann and Rodney Kinney and Dan S. Weld},
  year={2019},
  eprint={1911.02782},
  archivePrefix={arXiv},
  primaryClass={cs.CL}
}

% Tea
@inproceedings{jun2019tea,
title={Tea: A High-level Language and Runtime System for Automating Statistical Analysis},
author={Jun, Eunice and Daum, Maureen and Roesch, Jared and Chasins, Sarah E and Berger, Emery D and Just, Rene and Reinecke, Katharina},
booktitle={Proceedings of the 32nd Annual Symposium on User Interface Software and Technology},
year={2019},
organization={ACM}
}

@inproceedings{jun2022tisane,
  title={Tisane: Authoring Statistical Models via Formal Reasoning from Conceptual and Data Relationships},
  author={Jun, Eunice and Seo, Audrey and Heer, Jeffrey and Just, Ren{\'e}},
  booktitle={Proceedings of the 2022 CHI Conference on Human Factors in Computing Systems},
  pages={1--16},
  year={2022}
}

@inproceedings{jun2023rTisane,
  title={rTisane: Formalizing conceptual models to author statistical models reduces error, increases awareness, and teaches novices},
  author={Jun, Eunice and Misback, Edward and Heer, Jeffrey and Just, Ren{\'e}},
  year={2023},
  booktitle={Under submission},
}

@Misc{tisaneWebsite,
author =    {Jun, Eunice and Seo, Audrey},
title =     {Tisane},
year = {2022-2023},
url = "https://tisane-stats.org/"
}

@inproceedings{jun2021hypothesisFormalization,
title={Hypothesis Formalization: Empirical Findings, Software Limitations, and Design Implications},
author={Jun, Eunice and Birchfield, Melissa and De Moura, Nicole and Heer, Jeffrey and Just, Rene},
year={2022},
booktitle={ACM Transactions on Computer-Human Interaction (TOCHI)},
volume={29},
issue={1},
url={"https://arxiv.org/abs/2104.02712"}
}


% Additional references for UIST
@inproceedings{guimbretiere2007experiscope,
title={ExperiScope: an analysis tool for interaction data},
author={Guimbreti{\`e}re, Fran{\c{c}}ois and Dixon, Morgan and Hinckley, Ken},
booktitle={Proceedings of the SIGCHI conference on Human factors in computing systems},
pages={1333--1342},
year={2007},
organization={ACM}
}

@inproceedings{guo2011proactive,
title={Proactive wrangling: mixed-initiative end-user programming of data transformation scripts},
author={Guo, Philip J and Kandel, Sean and Hellerstein, Joseph M and Heer, Jeffrey},
booktitle={Proceedings of the 24th annual ACM symposium on User interface software and technology},
pages={65--74},
year={2011},
organization={ACM}
}

@inproceedings{setlur2016eviza,
title={Eviza: A natural language interface for visual analysis},
author={Setlur, Vidya and Battersby, Sarah E and Tory, Melanie and Gossweiler, Rich and Chang, Angel X},
booktitle={Proceedings of the 29th Annual Symposium on User Interface Software and Technology},
pages={365--377},
year={2016},
organization={ACM}
}

@inproceedings{cordeil2017imaxes,
title={ImAxes: Immersive axes as embodied affordances for interactive multivariate data visualisation},
author={Cordeil, Maxime and Cunningham, Andrew and Dwyer, Tim and Thomas, Bruce H and Marriott, Kim},
booktitle={Proceedings of the 30th Annual ACM Symposium on User Interface Software and Technology},
pages={71--83},
year={2017},
organization={ACM}
}

@inproceedings{li2016polyspector,
title={Polyspector™: An Interactive Visualization Platform Optimized for Visual Analysis of Big Data},
author={Li, Xinxiao and Kuroda, Akira and Matsuzaki, Hidenori},
booktitle={Proceedings of the 29th Annual Symposium on User Interface Software and Technology},
pages={109--111},
year={2016},
organization={ACM}
}

% Causal analysis
@article{pearl1995doCalculus,
  title={Causal diagrams for empirical research},
  author={Pearl, Judea},
  journal={Biometrika},
  volume={82},
  number={4},
  pages={669--688},
  year={1995},
  publisher={Oxford University Press}
}

@article{richardson2013SWIGs,
  title={Single world intervention graphs (SWIGs): A unification of the counterfactual and graphical approaches to causality},
  author={Richardson, Thomas S and Robins, James M},
  journal={Center for the Statistics and the Social Sciences, University of Washington Series. Working Paper},
  volume={128},
  number={30},
  pages={2013},
  year={2013},
  publisher={Citeseer}
}

@article{greenland1999causal,
  title={Causal diagrams for epidemiologic research},
  author={Greenland, Sander and Pearl, Judea and Robins, James M},
  journal={Epidemiology},
  pages={37--48},
  year={1999},
  publisher={JSTOR}
}

@article{robinson1950,
title={Ecological correlations and the behavior of individuals},
author={Robinson, William S},
journal={Sociological Review},
volume={15},
pages={351--357},
year={1950},
}

@article{velentgas2013developing,
  title={Developing a protocol for observational comparative effectiveness research: a user's guide},
  author={Velentgas, Priscilla and Dreyer, Nancy A and Nourjah, Parivash and Smith, Scott R and Torchia, Marion M and others},
  year={2013},
  publisher={Government Printing Office}
}

@article{ferguson2020evidence,
  title={Evidence synthesis for constructing directed acyclic graphs (ESC-DAGs): a novel and systematic method for building directed acyclic graphs},
  author={Ferguson, Karl D and McCann, Mark and Katikireddi, Srinivasa Vittal and Thomson, Hilary and Green, Michael J and Smith, Daniel J and Lewsey, James D},
  journal={International journal of epidemiology},
  volume={49},
  number={1},
  pages={322--329},
  year={2020},
  publisher={Oxford University Press}
}

@article{suzuki2020causal,
  title={Causal diagrams: pitfalls and tips},
  author={Suzuki, Etsuji and Shinozaki, Tomohiro and Yamamoto, Eiji},
  journal={Journal of epidemiology},
  pages={JE20190192},
  year={2020},
  publisher={Japan Epidemiological Association}
}

@article{suzuki2018mechanisms,
  title={Mechanisms and uncertainty in randomized controlled trials: A commentary on Deaton and Cartwright},
  author={Suzuki, Etsuji and VanderWeele, Tyler J},
  journal={Social science \& medicine (1982)},
  volume={210},
  pages={83--85},
  year={2018}
}

@article{vanderweele2019modifiedDisjunctiveCriterion,
  title={Principles of confounder selection},
  author={VanderWeele, Tyler J},
  journal={European journal of epidemiology},
  volume={34},
  number={3},
  pages={211--219},
  year={2019},
  publisher={Springer}
}

@article{cinelli2020controls,
  title={A crash course in good and bad controls},
  author={Cinelli, Carlos and Forney, Andrew and Pearl, Judea},
  journal={Sociological Methods \& Research},
  pages={00491241221099552},
  year={2020},
  publisher={SAGE Publications Sage CA: Los Angeles, CA}
}


@article{spirtes1996using,
  title={Using d-separation to calculate zero partial correlations in linear models with correlated errors},
  author={Spirtes, Peter and Richardson, Thomas and Meek, Christopher and Scheines, Richard and Glymour, Clark},
  journal={Publisher: Carnegie Mellon University},
  year={1996}
}

@article{spirtes1994conditional,
  title={Conditional independence in directed cyclic graphical models for feedback},
  author={Spirtes, Peter},
  year={1994}
}

@article{pearl1995causal,
  title={Causal diagrams for empirical research},
  author={Pearl, Judea},
  journal={Biometrika},
  volume={82},
  number={4},
  pages={669--688},
  year={1995},
  publisher={Oxford University Press}
}

@article{pearl2000models,
  title={Models, reasoning and inference},
  author={Pearl, Judea and others},
  journal={Cambridge, UK: CambridgeUniversityPress},
  volume={19},
  year={2000}
}

@article{rubin2004teaching,
  title={Teaching statistical inference for causal effects in experiments and observational studies},
  author={Rubin, Donald B},
  journal={Journal of Educational and Behavioral Statistics},
  volume={29},
  number={3},
  pages={343--367},
  year={2004},
  publisher={SAGE Publications Sage CA: Los Angeles, CA}
}



% Statistics
@article{raftery1996approximate,
title={Approximate Bayes factors and accounting for model uncertainty in generalised linear models},
author={Raftery, Adrian E},
journal={Biometrika},
volume={83},
number={2},
pages={251--266},
year={1996},
publisher={Oxford University Press}
}
@article{gelfand1994bayesian,
title={Bayesian model choice: asymptotics and exact calculations},
author={Gelfand, Alan E and Dey, Dipak K},
journal={Journal of the Royal Statistical Society: Series B (Methodological)},
volume={56},
number={3},
pages={501--514},
year={1994},
publisher={Wiley Online Library}
}

@article{czado2006choosing,
title={Choosing the link function and accounting for link uncertainty in generalized linear models using Bayes factors},
author={Czado, Claudia and Raftery, Adrian E},
journal={Statistical Papers},
volume={47},
number={3},
pages={419--442},
year={2006},
publisher={Springer}
}

@book{hoyle1995SEM,
title={Structural equation modeling: Concepts, issues, and applications},
author={Hoyle, Rick H},
year={1995},
publisher={Sage}
}

@article{shapiro1965shapiroWilk,
title={An analysis of variance test for normality (complete samples)},
author={Shapiro, Samuel Sanford and Wilk, Martin B},
journal={Biometrika},
volume={52},
number={3/4},
pages={591--611},
year={1965},
publisher={JSTOR}
}

@article{pearson1977DAgostinoPearsonNormality,
title={Tests for departure from normality: Comparison of powers},
author={Pearson, Egon S and D'AGOSTINO, Ralph B and Bowman, Kimiko O},
journal={Biometrika},
volume={64},
number={2},
pages={231--246},
year={1977},
publisher={Oxford University Press}
}

@article{diagostino1971DAgostinoNormality,
title={An omnibus test of normality for moderate and large sample sizes},
author={D'Agostino, RB},
journal={Biometrika},
volume={58},
number={34},
pages={1--348},
year={1971}
}

@book{campbell2015quasiexperimentalDesigns,
title={Experimental and quasi-experimental designs for research},
author={Campbell, Donald T and Stanley, Julian C},
year={2015},
publisher={Ravenio Books}
}

@book{cook2002generalizedCausalInference,
title={Experimental and quasi-experimental designs for generalized causal inference},
author={Cook, Thomas D and Campbell, Donald Thomas and Shadish, William},
year={2002},
publisher={Houghton Mifflin Boston, MA}
}

@book{gelmanHill2006regression,
  title={Data analysis using regression and multilevel/hierarchical models},
  author={Gelman, Andrew and Hill, Jennifer},
  year={2006},
  publisher={Cambridge university press}
}

@book{mcelreath2020statistical,
title={Statistical rethinking: A Bayesian course with examples in R and Stan},
author={McElreath, Richard},
year={2020},
publisher={CRC press}
}

@article{gelman2020modelExpansion,
  title={Bayesian workflow},
  author={Gelman, Andrew and Vehtari, Aki and Simpson, Daniel and Margossian, Charles C and Carpenter, Bob and Yao, Yuling and Kennedy, Lauren and Gabry, Jonah and B{\"u}rkner, Paul-Christian and Modr{\'a}k, Martin},
  journal={arXiv preprint arXiv:2011.01808},
  year={2020}
}


@article{forstmeier2011cryptic,
title={Cryptic multiple hypotheses testing in linear models: overestimated effect sizes and the winner's curse},
author={Forstmeier, Wolfgang and Schielzeth, Holger},
journal={Behavioral Ecology and Sociobiology},
volume={65},
number={1},
pages={47--55},
year={2011},
publisher={Springer}
}

@article{forstmeier2017detecting,
title={Detecting and avoiding likely false-positive findings--a practical guide},
author={Forstmeier, Wolfgang and Wagenmakers, Eric-Jan and Parker, Timothy H},
journal={Biological Reviews},
volume={92},
number={4},
pages={1941--1968},
year={2017},
publisher={Wiley Online Library}
}

@article{gelman2013garden,
title={The garden of forking paths: Why multiple comparisons can be a problem, even when there is no “fishing expedition” or “p-hacking” and the research hypothesis was posited ahead of time},
author={Gelman, Andrew and Loken, Eric},
journal={Department of Statistics, Columbia University},
year={2013}
}

@article{wilkinson1999statistical,
title={Statistical methods in psychology journals: Guidelines and explanations.},
author={Wilkinson, Leland},
journal={American psychologist},
volume={54},
number={8},
pages={594},
year={1999},
publisher={American Psychological Association}
}

@Misc{APATFSI,
author =    {American Psychological Association},
title =     {Task Force on Statistical Inference},
year =      {1996},
url = "https://www.apa.org/science/leadership/bsa/statistical/"
}

@article{kabacoff2011action,
title={R: In Action},
author={Kabacoff, Robert I},
year={2011}
}

@book{field2012discoveringR,
title={Discovering statistics using R},
author={Field, Andy and Miles, Jeremy and Field, Zo{\"e}},
year={2012},
publisher={Sage publications}
}

@book{wickham2016r,
title={R for data science: import, tidy, transform, visualize, and model data},
author={Wickham, Hadley and Grolemund, Garrett},
year={2016},
publisher={" O'Reilly Media, Inc."}
}

@book{teetor2011r,
title={R cookbook: Proven recipes for data analysis, statistics, and graphics},
author={Teetor, Paul},
year={2011},
publisher={" O'Reilly Media, Inc."}
}

@book{reinhart2015statistics,
title={Statistics done wrong: The woefully complete guide},
author={Reinhart, Alex},
year={2015},
publisher={No starch press}
}



@article{ioannidis2005most,
title={Why most published research findings are false},
author={Ioannidis, John PA},
journal={PLoS medicine},
volume={2},
number={8},
pages={e124},
year={2005},
publisher={Public Library of Science}
}

@incollection{efron1992bootstrap,
title={Bootstrap methods: another look at the jackknife},
author={Efron, Bradley},
booktitle={Breakthroughs in statistics},
pages={569--593},
year={1992},
publisher={Springer}
}

@article{steegen2016increasing,
title={Increasing transparency through a multiverse analysis},
author={Steegen, Sara and Tuerlinckx, Francis and Gelman, Andrew and Vanpaemel, Wolf},
journal={Perspectives on Psychological Science},
volume={11},
number={5},
pages={702--712},
year={2016},
publisher={Sage Publications Sage CA: Los Angeles, CA}
}

% HCI: General
@book{norman2013doet,
  title={The design of everyday things: Revised and expanded edition},
  author={Norman, Don},
  year={2013},
  publisher={Basic books}
}

% HCI: Usable stats
@inproceedings{cockburn2018hark,
title={Hark no more: on the preregistration of chi experiments},
author={Cockburn, Andy and Gutwin, Carl and Dix, Alan},
booktitle={Proceedings of the 2018 CHI Conference on Human Factors in Computing Systems},
pages={141},
year={2018},
organization={ACM}
}

@incollection{dragicevic2016fairComm,
title={Fair statistical communication in HCI},
author={Dragicevic, Pierre},
booktitle={Modern Statistical Methods for HCI},
pages={291--330},
year={2016},
publisher={Springer}
}

@inproceedings{kay2016researcher,
title={Researcher-centered design of statistics: Why Bayesian statistics better fit the culture and incentives of HCI},
author={Kay, Matthew and Nelson, Gregory L and Hekler, Eric B},
booktitle={Proceedings of the 2016 CHI Conference on Human Factors in Computing Systems},
pages={4521--4532},
year={2016},
organization={ACM}
}

@inproceedings{kaptein2012rethinking,
title={Rethinking statistical analysis methods for CHI},
author={Kaptein, Maurits and Robertson, Judy},
booktitle={Proceedings of the SIGCHI Conference on Human Factors in Computing Systems},
pages={1105--1114},
year={2012},
organization={ACM}
}

@inproceedings{kay2016sig,
title={Special interest group on transparent statistics in hci},
author={Kay, Matthew and Haroz, Steve and Guha, Shion and Dragicevic, Pierre},
booktitle={Proceedings of the 2016 CHI Conference Extended Abstracts on Human Factors in Computing Systems},
pages={1081--1084},
year={2016}
}

@inproceedings{kay2017workshop,
title={Moving transparent statistics forward at chi},
author={Kay, Matthew and Haroz, Steve and Guha, Shion and Dragicevic, Pierre and Wacharamanotham, Chat},
booktitle={Proceedings of the 2017 CHI Conference Extended Abstracts on Human Factors in Computing Systems},
pages={534--541},
year={2017},
organization={ACM}
}

@inproceedings{wacharamanotham2018sig,
title={Special Interest Group on Transparent Statistics Guidelines},
author={Wacharamanotham, Chat and Kay, Matthew and Haroz, Steve and Guha, Shion and Dragicevic, Pierre},
booktitle={Extended Abstracts of the 2018 CHI Conference on Human Factors in Computing Systems},
pages={SIG08},
year={2018},
organization={ACM}
}

@inproceedings{pu2018garden,
title={The Garden of Forking Paths in Visualization: A Design Space for Reliable Exploratory Visual Analytics: Position Paper},
author={Pu, Xiaoying and Kay, Matthew},
booktitle={2018 IEEE Evaluation and Beyond-Methodological Approaches for Visualization (BELIV)},
pages={37--45},
year={2018},
organization={IEEE}
}

@inproceedings{dragicevic2019increasing,
title={Increasing the Transparency of Research Papers with Explorable Multiverse Analyses},
author={Dragicevic, Pierre and Jansen, Yvonne and Sarma, Abhraneel and Kay, Matthew and Chevalier, Fanny},
booktitle={CHI Conference on Human Factors in Computing Systems Proceedings (CHI 2019)},
year={2019}
}


@inproceedings{reinecke2015labinthewild,
title={LabintheWild: Conducting large-scale online experiments with uncompensated samples},
author={Reinecke, Katharina and Gajos, Krzysztof Z},
booktitle={Proceedings of the 18th ACM conference on computer supported cooperative work \& social computing},
pages={1364--1378},
year={2015},
organization={ACM}
}

@article{palan2018prolific,
title={Prolific. ac—A subject pool for online experiments},
author={Palan, Stefan and Schitter, Christian},
journal={Journal of Behavioral and Experimental Finance},
volume={17},
pages={22--27},
year={2018},
publisher={Elsevier}
}

@inproceedings{hartshorne2018massive,
title={Massive online experiments in cognitive science},
author={Hartshorne, JK and Leeuw, JRD and Germine, Laura and Reinecke, Katharina and Jennings, Mariela},
booktitle={Workshop at the Annual Meeting of the Cognitive Science Society, Madison, WI},
year={2018}
}


@inproceedings{bakshy2014planout,
title={Designing and deploying online field experiments},
author={Bakshy, Eytan and Eckles, Dean and Bernstein, Michael S},
booktitle={Proceedings of the 23rd international conference on World wide web},
pages={283--292},
year={2014},
organization={ACM}
}



% Related Systems
@inproceedings{salimi2020causal,
  title={Causal relational learning},
  author={Salimi, Babak and Parikh, Harsh and Kayali, Moe and Getoor, Lise and Roy, Sudeepa and Suciu, Dan},
  booktitle={Proceedings of the 2020 ACM SIGMOD International Conference on Management of Data},
  pages={241--256},
  year={2020}
}

@article{kayali2020demonstration,
  title={Demonstration of inferring causality from relational databases with CaRL},
  author={Kayali, Moe and Salimi, Babak and Suciu, Dan},
  journal={Proceedings of the VLDB Endowment},
  volume={13},
  number={12},
  pages={2985--2988},
  year={2020},
  publisher={VLDB Endowment}
}

@inproceedings{hempel2019sketch,
title={Sketch-n-Sketch: Output-Directed Programming for SVG},
author={Hempel, Brian and Lubin, Justin and Chugh, Ravi},
booktitle={Proceedings of the 32nd Annual ACM Symposium on User Interface Software and Technology},
pages={281--292},
year={2019}
}

@inproceedings{mackay2007touchstone,
title={Touchstone: exploratory design of experiments},
author={Mackay, Wendy E and Appert, Caroline and Beaudouin-Lafon, Michel and Chapuis, Olivier and Du, Yangzhou and Fekete, Jean-Daniel and Guiard, Yves},
booktitle={Proceedings of the SIGCHI conference on Human factors in computing systems},
pages={1425--1434},
year={2007},
organization={ACM}
}

@article{eiselmayer2019touchstone2,
title={Touchstone2: An Interactive Environment for Exploring Trade-offs in HCI Experiment Design},
author={Eiselmayer, Alexander and Wacharamanotham, Chatchavan and Beaudouin-Lafon, Michel and Mackay, Wendy},
booktitle={Proceedings of the 37th Annual ACM Conference on Human Factors in Computing Systems},
year={2019},
organization={ACM}
}

@article{kraska2018northstar,
title={Northstar: An interactive data science system},
author={Kraska, Tim},
journal={Proceedings of the VLDB Endowment},
volume={11},
number={12},
pages={2150--2164},
year={2018},
publisher={VLDB Endowment}
}

@Misc{zenvisage,
author =    {Zenvisage Team},
title =     {Zenvisage: A System for Effortless Visual Exploration of Large Datasets},
year={2019},
url = "https://zenvisage.github.io/"
}

@inproceedings{verou2016mavo,
title={Mavo: creating interactive data-driven web applications by authoring HTML},
author={Verou, Lea and Zhang, Amy X and Karger, David R},
booktitle={Proceedings of the 29th Annual Symposium on User Interface Software and Technology},
pages={483--496},
year={2016},
organization={ACM}
}

@inproceedings{verou2018extending,
title={Extending a Reactive Expression Language with Data Update Actions for End-User Application Authoring},
author={Verou, Lea and Alrashed, Tarfah and Karger, David},
booktitle={Proceedings of the 31st Annual ACM Symposium on User Interface Software and Technology},
pages={379--387},
year={2018}
}


@inproceedings{gardner2018morf,
title={MORF: A Framework for Predictive Modeling and Replication At Scale With Privacy-Restricted MOOC Data},
author={Gardner, Josh and Brooks, Christopher and Andres, Juan Miguel and Baker, Ryan S},
booktitle={2018 IEEE International Conference on Big Data (Big Data)},
pages={3235--3244},
year={2018},
organization={IEEE}
}

@article{moritz2019formalizing,
title={Formalizing visualization design knowledge as constraints: Actionable and extensible models in Draco},
author={Moritz, Dominik and Wang, Chenglong and Nelson, Greg L and Lin, Halden and Smith, Adam M and Howe, Bill and Heer, Jeffrey},
journal={IEEE transactions on visualization and computer graphics},
volume={25},
number={1},
pages={438--448},
year={2019},
publisher={IEEE}
}

@inproceedings{hoffswell2018setcola,
title={SetCoLa: High-Level Constraints for Graph Layout},
author={Hoffswell, Jane and Borning, Alan and Heer, Jeffrey},
booktitle={Computer Graphics Forum},
volume={37},
number={3},
pages={537--548},
year={2018},
organization={Wiley Online Library}
}

@inproceedings{swearngin2018scout,
title={Scout: Mixed-Initiative Exploration of Design Variations through High-Level Design Constraints},
author={Swearngin, Amanda and Ko, Andrew J and Fogarty, James},
booktitle={The 31st Annual ACM Symposium on User Interface Software and Technology Adjunct Proceedings},
pages={134--136},
year={2018},
organization={ACM}
}

@inproceedings{panchekha2018verifying,
title={Verifying that web pages have accessible layout},
author={Panchekha, Pavel and Geller, Adam T and Ernst, Michael D and Tatlock, Zachary and Kamil, Shoaib},
booktitle={Proceedings of the 39th ACM SIGPLAN Conference on Programming Language Design and Implementation},
pages={1--14},
year={2018},
organization={ACM}
}

@inproceedings{kandel2011wrangler,
title={Wrangler: Interactive visual specification of data transformation scripts},
author={Kandel, Sean and Paepcke, Andreas and Hellerstein, Joseph and Heer, Jeffrey},
booktitle={Proceedings of the SIGCHI Conference on Human Factors in Computing Systems},
pages={3363--3372},
year={2011},
organization={ACM}
}

@article{kandel2012enterprise,
title={Enterprise data analysis and visualization: An interview study},
author={Kandel, Sean and Paepcke, Andreas and Hellerstein, Joseph M and Heer, Jeffrey},
journal={IEEE Transactions on Visualization and Computer Graphics},
volume={18},
number={12},
pages={2917--2926},
year={2012},
publisher={IEEE}
}


@article{satyanarayan2017vega,
title={Vega-lite: A grammar of interactive graphics},
author={Satyanarayan, Arvind and Moritz, Dominik and Wongsuphasawat, Kanit and Heer, Jeffrey},
journal={IEEE transactions on visualization and computer graphics},
volume={23},
number={1},
pages={341--350},
year={2017},
publisher={IEEE}
}

@book{tukey1977exploratory,
title={Exploratory data analysis},
author={Tukey, John W},
volume={2},
year={1977},
publisher={Reading, Mass.}
}

@inproceedings{chasins2018rousillon,
title={Rousillon: Scraping Distributed Hierarchical Web Data},
author={Chasins, Sarah E and Mueller, Maria and Bodik, Rastislav},
booktitle={Proceedings of the 31st Annual ACM Symposium on User Interface Software and Technology},
pages={963--975},
year={2018}
}

@inproceedings{tanaka2019symbolic,
title={Symbolic Formulae for Linear Mixed Models},
author={Tanaka, Emi and Hui, Francis KC},
booktitle={Research School on Statistics and Data Science},
pages={3--21},
year={2019},
organization={Springer}
}


% Synthesis
@article{solar2006combinatorial,
title={Combinatorial sketching for finite programs},
author={Solar-Lezama, Armando and Tancau, Liviu and Bodik, Rastislav and Seshia, Sanjit and Saraswat, Vijay},
journal={ACM Sigplan Notices},
volume={41},
number={11},
pages={404--415},
year={2006},
publisher={ACM}
}

@article{udupa2013transit,
title={TRANSIT: specifying protocols with concolic snippets},
author={Udupa, Abhishek and Raghavan, Arun and Deshmukh, Jyotirmoy V and Mador-Haim, Sela and Martin, Milo MK and Alur, Rajeev},
journal={ACM SIGPLAN Notices},
volume={48},
number={6},
pages={287--296},
year={2013},
publisher={ACM}
}

@article{loncaric2016cozy,
title={Fast synthesis of fast collections},
author={Loncaric, Calvin and Torlak, Emina and Ernst, Michael D},
journal={ACM SIGPLAN Notices},
volume={51},
number={6},
pages={355--368},
year={2016},
publisher={ACM}
}

@inproceedings{wacharamanotham2015statsplorer,
title={Statsplorer: Guiding novices in statistical analysis},
author={Wacharamanotham, Chat and Subramanian, Krishna and Volkel, Sarah Theres and Borchers, Jan},
booktitle={Proceedings of the 33rd Annual ACM Conference on Human Factors in Computing Systems},
pages={2693--2702},
year={2015},
organization={ACM}
}

@article{newcomb2019functionalReactive,
  title={Using human-in-the-loop synthesis to author functional reactive programs},
  author={Newcomb, Julie L and Bodik, Rastislav},
  journal={arXiv preprint arXiv:1909.11206},
  year={2019}
}


% USCrimes data set.
@book{venables2013modern,
title={Modern applied statistics with S-PLUS},
author={Venables, William N and Ripley, Brian D},
year={2013},
publisher={Springer Science \& Business Media}
}

@article{ehrlich1973participation,
title={Participation in illegitimate activities: A theoretical and empirical investigation},
author={Ehrlich, Isaac},
journal={Journal of political Economy},
volume={81},
number={3},
pages={521--565},
year={1973},
publisher={The University of Chicago Press}
}

@book{vandaele1987participation,
title={Participation in illegitimate activities: Ehrlich revisited, 1960},
author={Vandaele, Walter},
volume={8677},
year={1987},
publisher={Inter-university Consortium for Political and Social Research}
}


% Statistical computing
@misc{keras,
title={Keras},
author={Chollet, Fran\c{c}ois and others},
year={2015},
howpublished={\url{https://keras.io}},
}

@article{scikitPaper,
title={Scikit-learn: Machine learning in Python},
author={Pedregosa, Fabian and Varoquaux, Ga{\"e}l and Gramfort, Alexandre and Michel, Vincent and Thirion, Bertrand and Grisel, Olivier and Blondel, Mathieu and Prettenhofer, Peter and Weiss, Ron and Dubourg, Vincent and others},
journal={the Journal of machine Learning research},
volume={12},
pages={2825--2830},
year={2011},
publisher={JMLR. org}
}

@article{scikitAPIPaper,
title={API design for machine learning software: experiences from the scikit-learn project},
author={Buitinck, Lars and Louppe, Gilles and Blondel, Mathieu and Pedregosa, Fabian and Mueller, Andreas and Grisel, Olivier and Niculae, Vlad and Prettenhofer, Peter and Gramfort, Alexandre and Grobler, Jaques and others},
journal={arXiv preprint arXiv:1309.0238},
year={2013}
}


@article{tidyverse,
title={Welcome to the Tidyverse},
author={Wickham, Hadley and Averick, Mara and Bryan, Jennifer and Chang, Winston and McGowan, Lucy D'Agostino and Fran{\c{c}}ois, Romain and Grolemund, Garrett and Hayes, Alex and Henry, Lionel and Hester, Jim and others},
journal={Journal of Open Source Software},
volume={4},
number={43},
pages={1686},
year={2019}
}

@Manual{tidymodels,
title = {Tidymodels: a collection of packages for modeling and machine learning using tidyverse principles.},
author = {Max Kuhn and Hadley Wickham},
url = {"https://www.tidymodels.org"},
year = {2020},
}

@misc{parsnip,
title = {parsnip: A Common API to Modeling and Analysis Functions},
author = {Max Kuhn and Davis Vaughan and RStudio},
url = {"https://parsnip.tidymodels.org/"},
year = {2020},
}

@article{ihaka1996r,
title={R: a language for data analysis and graphics},
author={Ihaka, Ross and Gentleman, Robert},
journal={Journal of computational and graphical statistics},
volume={5},
number={3},
pages={299--314},
year={1996},
publisher={Taylor \& Francis Group}
}

@article{wickham2014tidy,
title={Tidy data},
author={Wickham, Hadley and others},
journal={Journal of Statistical Software},
volume={59},
number={10},
pages={1--23},
year={2014},
publisher={Foundation for Open Access Statistics}
}

@article{mckinney2011pandas,
title={pandas: a foundational Python library for data analysis and statistics},
author={McKinney, Wes},
journal={Python for High Performance and Scientific Computing},
volume={14},
year={2011}
}

@book{oliphant2006numpy,
title={A guide to NumPy},
author={Oliphant, Travis E},
volume={1},
year={2006},
publisher={Trelgol Publishing USA}
}

@Misc{scipy,
author =    {Eric Jones and Travis Oliphant and Pearu Peterson and others},
title =     {{SciPy}: Open source scientific tools for {Python}},
year =      {2001--2021},
url = "http://www.scipy.org/"
}

@Misc{scipyStats,
author =    {Eric Jones and Travis Oliphant and Pearu Peterson and others},
title =     {{SciPy}: Open source scientific tools for {Python}},
year =      {2001--2021},
url = "https://docs.scipy.org/doc/scipy/reference/stats.html"
}

@Misc{scipyOptimize,
author =    {Eric Jones and Travis Oliphant and Pearu Peterson and others},
title =     {{SciPy}: Open source scientific tools for {Python}},
year =      {2001--2021},
url = "https://docs.scipy.org/doc/scipy/reference/optimize.html"
}

@Misc{sas,
author =    {SAS Institute Inc.},
title =     {SAS},
year={2021},
url = "https://www.sas.com/"
}

@Misc{spss,
author =    {IBM SPSS},
title =     {SPSS Software},
year={2021},
url = "https://www.ibm.com/analytics/spss-statistics-software"
}

@Misc{stata,
author =    {Stata},
title =     {Stata Software},
year={2021},
url = "https://www.stata.com/"
}

@Misc{stataRef,
author =    {StataCorp LLC},
title =     {Stata 16 Documentation},
year =      {2020},
url = "https://www.stata.com/features/documentation/"
}

@Misc{stataLang,
author =    {StataCorp LLC},
title =     {Language syntax},
year =      {2020},
url = "https://www.stata.com/manuals13/u11.pdf"
}

@Misc{planout4j,
author =    {Glassdoor},
title =     {PlanOut4J},
url = "https://github.com/Glassdoor/planout4j",
year = {2017}
}

@Misc{ablincoln,
author =    {Vimeo},
title =     {ABLincoln},
url = "https://github.com/vimeo/ABLincoln",
year = {2015}
}

@Misc{mplus,
author =    {Muthén \& Muthén},
title =     {MPlus},
url = "https://www.statmodel.com/",
year = {2023}
}

@Misc{plotlyDash,
author =    {Plotly Dash Community},
title =     {Plotly Dash},
url = "https://plotly.com/dash/",
year = {2023}
}

@article{deLeeuw2015jspsych,
title={jsPsych: A JavaScript library for creating behavioral experiments in a Web browser},
author={De Leeuw, Joshua R},
journal={Behavior research methods},
volume={47},
number={1},
pages={1--12},
year={2015},
publisher={Springer}
}



@ONLINE{klemmerCoursera,
author = {Klemmer, Scott and Wobbrock, Jacob},
title = {Designing, Running, and Analyzing Experiments},
month = January,
year = {2019},
url = {https://www.coursera.org/learn/designexperiments}
}

@ONLINE{ucla:whatstat,
author = {Bruin, J.},
title = {Choosing the Correct Statistical Test in SAS, Stata, SPSS and R},
month = April,
year = {2019},
url = {https://stats.idre.ucla.edu/other/mult-pkg/whatstat/}
}

@ONLINE{kent:tutorials,
author = {Kent State University Libraries},
title = {SPSS Tutorials: Analyzing Data},
month = March,
year = {2019},
url = {https://libguides.library.kent.edu/SPSS/AnalyzeData}
}

@article{vanderplas2018altair,
title={Altair: Interactive Statistical Visualizations for Python},
author={VanderPlas, Jacob and Granger, Brian E and Heer, Jeffrey and Moritz, Dominik and Wongsuphasawat, Kanit and Satyanarayan, Arvind and Lees, Eitan and Timofeev, Ilia and Welsh, Ben and Sievert, Scott},
journal={The Journal of Open Source Software},
volume={3},
pages={1057},
year={2018}
}

@book{mckinney2012python,
title={Python for data analysis: Data wrangling with Pandas, NumPy, and IPython},
author={McKinney, Wes},
year={2012},
publisher={" O'Reilly Media, Inc."}
}

@inproceedings{de2008z3,
title={Z3: An efficient SMT solver},
author={De Moura, Leonardo and Bj{\o}rner, Nikolaj},
booktitle={International conference on Tools and Algorithms for the Construction and Analysis of Systems},
pages={337--340},
year={2008},
organization={Springer}
}

@article{orr2017probabilistic,
title={Probabilistic database summarization for interactive data exploration},
author={Orr, Laurel and Balazinska, Magdalena and Suciu, Dan},
journal={Proceedings of the VLDB Endowment},
volume={10},
number={10},
pages={1154--1165},
year={2017},
publisher={VLDB Endowment}
}


% Misc
@article{hutchins1985direct,
title={Direct manipulation interfaces},
author={Hutchins, Edwin L and Hollan, James D and Norman, Donald A},
journal={Human-computer interaction},
volume={1},
number={4},
pages={311--338},
year={1985},
publisher={L. Erlbaum Associates Inc.}
}


% On automation
@article{heer2019agency,
title={Agency plus automation: Designing artificial intelligence into interactive systems},
author={Heer, Jeffrey},
journal={Proceedings of the National Academy of Sciences},
volume={116},
number={6},
pages={1844--1850},
year={2019},
publisher={National Acad Sciences}
}

% PPLs

@inproceedings{blog,
author = {Brian Milch and Bhaskara Marthi and Stuart Russell and David Sontag and Daniel L. Ong and Andrey Kolobov},
year = {2005},
title = {{BLOG}: Probabilistic Models with Unknown Objects},
booktitle = {Proc. 19th International Joint Conference on Artificial Intelligence},
pages = {1352--1359},
url = {http://sites.google.com/site/bmilch/papers/blog-ijcai05.pdf}
}

@article{stan,
author = {Carpenter, Bob and Gelman, Andrew and D. Hoffman, Matthew and Lee, Daniel and Goodrich, Ben and Betancourt, Michael and Brubaker, Marcus and Guo, Jiqiang and Li, Peter and Riddell, Allen},
year = {2017},
month = {01},
pages = {},
title = {Stan : A Probabilistic Programming Language},
volume = {76},
journal = {Journal of Statistical Software},
doi = {10.18637/jss.v076.i01}
}

@inproceedings{church,
author = {Goodman, N. D. and Mansinghka, V. K. and Roy, D. M. and Bonawitz, K. and Tenenbaum, J. B.},
journal = {Uncertainty in Artificial Intelligence},
title = {Church: a language for generative models},
website = {papers/GoodmanEtAl2008-UncertaintyInArtificialIntelligence.pdf},
year= {2008}
}

@article{pyro,
title={Pyro: Deep universal probabilistic programming},
author={Bingham, Eli and Chen, Jonathan P and Jankowiak, Martin and Obermeyer, Fritz and Pradhan, Neeraj and Karaletsos, Theofanis and Singh, Rohit and Szerlip, Paul and Horsfall, Paul and Goodman, Noah D},
journal={The Journal of Machine Learning Research},
volume={20},
number={1},
pages={973--978},
year={2019},
publisher={JMLR. org}
}

@article{pymc3,
title={Probabilistic programming in Python using PyMC3},
author={Salvatier, John and Wiecki, Thomas V and Fonnesbeck, Christopher},
journal={PeerJ Computer Science},
volume={2},
pages={e55},
year={2016},
publisher={PeerJ Inc.}
}

@book{doingbayesiananalysis,
author = {Kruschke, John K.},
title = {Doing Bayesian Data Analysis: A Tutorial with R and BUGS},
year = {2010},
isbn = {0123814855, 9780123814852},
edition = {1st},
publisher = {Academic Press, Inc.},
address = {Orlando, FL, USA},
}

@Article{thebayesiannewstatistics,
author="Kruschke, John K.
and Liddell, Torrin M.",
title="The Bayesian New Statistics: Hypothesis testing, estimation, meta-analysis, and power analysis from a Bayesian perspective",
journal="Psychonomic Bulletin {\&} Review",
year="2018",
month="Feb",
day="01",
volume="25",
number="1",
pages="178--206",
abstract="In the practice of data analysis, there is a conceptual distinction between hypothesis testing, on the one hand, and estimation with quantified uncertainty on the other. Among frequentists in psychology, a shift of emphasis from hypothesis testing to estimation has been dubbed ``the New Statistics'' (Cumming 2014). A second conceptual distinction is between frequentist methods and Bayesian methods. Our main goal in this article is to explain how Bayesian methods achieve the goals of the New Statistics better than frequentist methods. The article reviews frequentist and Bayesian approaches to hypothesis testing and to estimation with confidence or credible intervals. The article also describes Bayesian approaches to meta-analysis, randomized controlled trials, and power analysis.",
issn="1531-5320",
doi="10.3758/s13423-016-1221-4",
url="https://doi.org/10.3758/s13423-016-1221-4"
}

@article{atutorialonpractical,
added-at = {2017-01-09T13:57:26.000+0100},
author = {Masson, Michael E. J.},
biburl = {https://www.bibsonomy.org/bibtex/2f02f0b5da11de707d6708d479efc9bc1/yourwelcome},
doi = {10.3758/s13428-010-0049-5},
interhash = {edd660f25b74dceff880a832a5f0cc1a},
intrahash = {f02f0b5da11de707d6708d479efc9bc1},
issn = {1554-3528},
journal = {Behavior Research Methods},
keywords = {BIC, Bayes factor, hypothesis null testing},
language = {en},
month = sep,
number = 3,
pages = {679--690},
timestamp = {2017-01-09T14:01:11.000+0100},
title = {A tutorial on a practical {Bayesian} alternative to null-hypothesis significance testing},
url = {http://www.springerlink.com/index/10.3758/s13428-010-0049-5},
urldate = {2016-12-18},
volume = 43,
year = 2011
}

@InProceedings{figaro,
author="Pfeffer, Avi",
editor="Frasconi, Paolo
and Lisi, Francesca A.",
title="Practical Probabilistic Programming",
booktitle="Inductive Logic Programming",
year="2011",
publisher="Springer Berlin Heidelberg",
address="Berlin, Heidelberg",
pages="2--3",
abstract="Probabilistic programming promises to make probabilistic modeling easier by making it possible to create models using the power of programming languages, and by applying general-purpose algorithms to reason about models. We present a new probabilistic programming language named Figaro that was designed with practicality and usability in mind. Figaro can represent models naturally that have been difficult to represent in other languages, such as probabilistic relational models and models with undirected relationships with arbitrary constraints. An important feature is that the Figaro language and reasoning algorithms are embedded as a library in Scala. We illustrate the use of Figaro through a case study.",
isbn="978-3-642-21295-6"
}

@Article{bugs,
author="Lunn, David J.
and Thomas, Andrew
and Best, Nicky
and Spiegelhalter, David",
title="WinBUGS - A Bayesian modelling framework: Concepts, structure, and extensibility",
journal="Statistics and Computing",
year="2000",
month="Oct",
day="01",
volume="10",
number="4",
pages="325--337",
abstract="WinBUGS is a fully extensible modular framework for constructing and analysing Bayesian full probability models. Models may be specified either textually via the BUGS language or pictorially using a graphical interface called DoodleBUGS. WinBUGS processes the model specification and constructs an object-oriented representation of the model. The software offers a user-interface, based on dialogue boxes and menu commands, through which the model may then be analysed using Markov chain Monte Carlo techniques. In this paper we discuss how and why various modern computing concepts, such as object-orientation and run-time linking, feature in the software's design. We also discuss how the framework may be extended. It is possible to write specific applications that form an apparently seamless interface with WinBUGS for users with specialized requirements. It is also possible to interface with WinBUGS at a lower level by incorporating new object types that may be used by WinBUGS without knowledge of the modules in which they are implemented. Neither of these types of extension require access to, or even recompilation of, the WinBUGS source-code.",
issn="1573-1375",
doi="10.1023/A:1008929526011",
url="https://doi.org/10.1023/A:1008929526011"
}

@inproceedings{bayesianchi,
author = {Kay, Matthew and Nelson, Gregory and Hekler, Eric},
title = {Researcher-centered design of statistics: Why Bayesian statistics better fit the culture and incentives of HCI},
booktitle = {Proceedings of the 34th Annual ACM Conference on Human Factors in Computing Systems},
series = {CHI '16},
year = {2016}
}

@article{dienes,
author = {Zoltan Dienes},
title ={Bayesian Versus Orthodox Statistics: Which Side Are You On?},
journal = {Perspectives on Psychological Science},
volume = {6},
number = {3},
pages = {274-290},
year = {2011},
doi = {10.1177/1745691611406920},
  note ={PMID: 26168518},

URL = {
      https://doi.org/10.1177/1745691611406920

},
eprint = {
      https://doi.org/10.1177/1745691611406920

}
,
  abstract = { Researchers are often confused about what can be inferred from significance tests. One problem occurs when people apply Bayesian intuitions to significance testing—two approaches that must be firmly separated. This article presents some common situations in which the approaches come to different conclusions; you can see where your intuitions initially lie. The situations include multiple testing, deciding when to stop running participants, and when a theory was thought of relative to finding out results. The interpretation of nonsignificant results has also been persistently problematic in a way that Bayesian inference can clarify. The Bayesian and orthodox approaches are placed in the context of different notions of rationality, and I accuse myself and others as having been irrational in the way we have been using statistics on a key notion of rationality. The reader is shown how to apply Bayesian inference in practice, using free online software, to allow more coherent inferences from data. }
}

@article{howard,
author = {Howard, George and E. Maxwell, Scott and Fleming, Kevin},
year = {2000},
month = {10},
pages = {315-32},
title = {The proof of the pudding: An illustration of the relative strengths of null hypothesis, meta-analysis, and Bayesian analysis},
volume = {5},
journal = {Psychological methods},
doi = {10.1037/1082-989X.5.3.315}
}

@inproceedings{cairns2007hci,
title={HCI... not as it should be: inferential statistics in HCI research},
author={Cairns, Paul},
booktitle={Proceedings of the 21st British HCI Group Annual Conference on People and Computers: HCI... but not as we know it-Volume 1},
pages={195--201},
year={2007},
organization={British Computer Society}
}

@book{fisher1937design,
title={The design of experiments},
author={Fisher, Ronald Aylmer},
year={1937},
publisher={Oliver And Boyd; Edinburgh; London}
}

@misc{ wiki:jmp,
  author = "{Wikipedia contributors}",
  title = "JMP (statistical software) --- {Wikipedia}{,} The Free Encyclopedia",
  year = "2019",
  howpublished = "\url{https://en.wikipedia.org/w/index.php?title=JMP_(statistical_software)&oldid=887217350}",
  note = "[Online; accessed 5-April-2019]"
}


@misc{ wiki:r-language,
  author = "{Wikipedia contributors}",
  title = "R (programming language) --- {Wikipedia}{,} The Free Encyclopedia",
  year = "2019",
  howpublished = "\url{https://en.wikipedia.org/w/index.php?title=R_(programming_language)&oldid=890657071}",
  note = "[Online; accessed 5-April-2019]"
}

@misc{ wiki:spss,
  author = "{Wikipedia contributors}",
  title = "SPSS --- {Wikipedia}{,} The Free Encyclopedia",
  year = "2019",
  howpublished = "\url{https://en.wikipedia.org/w/index.php?title=SPSS&oldid=888470477}",
  note = "[Online; accessed 5-April-2019]"
}

@misc{ wiki:sas,
  author = "{Wikipedia contributors}",
  title = "SAS (software) --- {Wikipedia}{,} The Free Encyclopedia",
  year = "2019",
  howpublished = "\url{https://en.wikipedia.org/w/index.php?title=SAS_(software)&oldid=890451452}",
  note = "[Online; accessed 5-April-2019]"
}


@article{holm1979simple,
title={A simple sequentially rejective multiple test procedure},
author={Holm, Sture},
journal={Scandinavian journal of statistics},
pages={65--70},
year={1979},
publisher={JSTOR}
}

@article{gabry2019visualization,
title={Visualization in Bayesian workflow},
author={Gabry, Jonah and Simpson, Daniel and Vehtari, Aki and Betancourt, Michael and Gelman, Andrew},
journal={Journal of the Royal Statistical Society: Series A (Statistics in Society)},
volume={182},
number={2},
pages={389--402},
year={2019},
publisher={Wiley Online Library}
}

@article{buja2009statistical,
title={Statistical inference for exploratory data analysis and model diagnostics},
author={Buja, Andreas and Cook, Dianne and Hofmann, Heike and Lawrence, Michael and Lee, Eun-Kyung and Swayne, Deborah F and Wickham, Hadley},
journal={Philosophical Transactions of the Royal Society A: Mathematical, Physical and Engineering Sciences},
volume={367},
number={1906},
pages={4361--4383},
year={2009},
publisher={The Royal Society Publishing}
}

@article{lumley2002importance,
title={The importance of the normality assumption in large public health data sets},
author={Lumley, Thomas and Diehr, Paula and Emerson, Scott and Chen, Lu},
journal={Annual review of public health},
volume={23},
number={1},
pages={151--169},
year={2002},
publisher={Annual Reviews 4139 El Camino Way, PO Box 10139, Palo Alto, CA 94303-0139, USA}
}

@article{cohen1988statistical,
title={Statistical power analysis for the social sciences},
author={Cohen, Jacob},
year={1988},
publisher={Hillsdale, NJ: Erlbaum}
}

@article{vargha2000critique,
title={A critique and improvement of the CL common language effect size statistics of McGraw and Wong},
author={Vargha, Andr{\'a}s and Delaney, Harold D},
journal={Journal of Educational and Behavioral Statistics},
volume={25},
number={2},
pages={101--132},
year={2000},
publisher={Sage Publications Sage CA: Los Angeles, CA}
}

@book{american1983publication,
title={Publication manual},
author={American Psychological Association and others},
year={1983},
publisher={American Psychological Association Washington, DC}
}

@incollection{dragicevic2016fair,
title={Fair statistical communication in HCI},
author={Dragicevic, Pierre},
booktitle={Modern Statistical Methods for HCI},
pages={291--330},
year={2016},
publisher={Springer}
}
@article{kerr1998harking,
title={HARKing: Hypothesizing after the results are known},
author={Kerr, Norbert L},
journal={Personality and social psychology review},
volume={2},
number={3},
pages={196--217},
year={1998},
publisher={Sage Publications Sage CA: Los Angeles, CA}
}


% Stats Thinking and Education
@article{mcnamara2018keyAttributes,
  title={Key attributes of a modern statistical computing tool},
  author={McNamara, Amelia},
  journal={The American Statistician},
  year={2018},
  publisher={Taylor \& Francis}
}

@misc{franklin2007guidelines,
title={Guidelines for assessment and instruction in statistics education (GAISE) report},
author={Franklin, Christine and Kader, Gary and Mewborn, Denise and Moreno, Jerry and Peck, Roxy and Perry, Mike and Scheaffer, Richard},
year={2007},
publisher={Alexandria, VA: American Statistical Association}
}

@article{carver2016guidelines,
title={Guidelines for assessment and instruction in statistics education (GAISE) college report 2016},
author={Carver, Robert and Everson, Michelle and Gabrosek, John and Horton, Nicholas and Lock, Robin and Mocko, Megan and Rossman, Allan and Roswell, Ginger Holmes and Velleman, Paul and Witmer, Jeffrey and others},
year={2016},
publisher={AMSTAT}
}

@article{wild1999statisticalThinking,
title={Statistical thinking in empirical enquiry},
author={Wild, Chris J and Pfannkuch, Maxine},
journal={International statistical review},
volume={67},
number={3},
pages={223--248},
year={1999},
publisher={Wiley Online Library}
}

@article{pfannkuch2000statistical,
title={Statistical Thinking an Statistical Practice: Themes Gleaned from Professional Statisticians},
author={Pfannkuch, Maxine and Wild, Chris J and others},
journal={Statistical science},
volume={15},
number={2},
pages={132--152},
year={2000},
publisher={Institute of Mathematical Statistics}
}

@article{pfannkuch1997statistical,
title={Statistical thinking: One statistician's perspective},
author={Pfannkuch, M},
journal={Research papers on stochastics education},
pages={171--178},
year={1997}
}

% Stats in domains
@misc{statsInHealthCDC,
  author = "{Centers for Disease Control and Prevention}",
  title = "National Center for Health Statistics",
  howpublished = "\url{https://www.cdc.gov/nchs/index.htm}",
  note = "[Online; accessed 20-March-2020]",
  year = {2020}
}

@misc{statsInSocSci,
  author = "{London School of Economics}",
  title = "When data science meets social sciences: the benefits of the data revolution are clear but careful reflection is needed",
  year = "2017",
  howpublished = "\url{https://blogs.lse.ac.uk/impactofsocialsciences/2017/03/01/when-data-science-meets-social-sciences-the-benefits-of-the-data-revolution-are-clear-but-careful-reflection-is-needed/}",
  note = "[Online; accessed 20-March-2020]",
  year = {2020}
}

@misc{statsInBI,
  author = "{Tableau}",
  title = "What is business intelligence? Your guide to BI and why it matters",
  howpublished = "\url{https://www.tableau.com/learn/articles/business-intelligence}",
  note = "[Online; accessed 20-March-2020]",
  year = {2020}
}

% Problem solving
@book{holland1989induction,
title={Induction: Processes of inference, learning, and discovery},
author={Holland, John H and Holyoak, Keith J and Nisbett, Richard E and Thagard, Paul R},
year={1989},
publisher={MIT press}
}

@book{newell1972humanProblemSolving,
title={Human problem solving},
author={Newell, Allen and Simon, Herbert Alexander and others},
volume={104},
number={9},
year={1972},
publisher={Prentice-Hall Englewood Cliffs, NJ}
}

@article{klahr1988dual,
title={Dual space search during scientific reasoning},
author={Klahr, David and Dunbar, Kevin},
journal={Cognitive science},
volume={12},
number={1},
pages={1--48},
year={1988},
publisher={Wiley Online Library}
}

@inproceedings{schunn1995FourSpace,
title={A 4-space model of scientific discovery},
author={Schunn, Christian D and Klahr, David},
booktitle={Proceedings of the 17th annual conference of the cognitive science society},
pages={106--111},
year={1995}
}


@inproceedings{schunn1996BeyondTwoSpace,
title={When and how to go beyond a 2-space model of scientific discovery},
author={Schunn, Christian D and Klahr, David},
booktitle={Proceedings of the Eighteenth Annual Conference of the Cognitive Science Society: July 12-15, 1996, University of California, San Diego},
volume={18},
pages={25},
year={1996},
organization={Psychology Press}
}

@article{klahr1999studies,
title={Studies of scientific discovery: Complementary approaches and convergent findings.},
author={Klahr, David and Simon, Herbert A},
journal={Psychological Bulletin},
volume={125},
number={5},
pages={524},
year={1999},
publisher={American Psychological Association}
}


% Symbolic formulae
@article{fowlkes1969some,
title={Some Operators for ANNA Calculations},
author={Fowlkes, Edward B},
journal={Technometrics},
volume={11},
number={3},
pages={511--526},
year={1969},
publisher={Taylor \& Francis Group}
}

@article{hemmerle1964algebraic,
title={Algebraic specification of statistical models for analysis of variance computations},
author={Hemmerle, William J},
journal={Journal of the ACM (JACM)},
volume={11},
number={2},
pages={234--239},
year={1964},
publisher={ACM New York, NY, USA}
}

@article{wilkinson1973symbolic,
title={Symbolic description of factorial models for analysis of variance},
author={Wilkinson, GN and Rogers, CE},
journal={Journal of the Royal Statistical Society: Series C (Applied Statistics)},
volume={22},
number={3},
pages={392--399},
year={1973},
publisher={Wiley Online Library}
}

% GLMM
@article{bolker2009generalized,
title={Generalized linear mixed models: a practical guide for ecology and evolution},
author={Bolker, Benjamin M and Brooks, Mollie E and Clark, Connie J and Geange, Shane W and Poulsen, John R and Stevens, M Henry H and White, Jada-Simone S},
journal={Trends in ecology \& evolution},
volume={24},
number={3},
pages={127--135},
year={2009},
publisher={Elsevier}
}

@article{barr2013random,
title={Random effects structure for confirmatory hypothesis testing: Keep it maximal},
author={Barr, Dale J and Levy, Roger and Scheepers, Christoph and Tily, Harry J},
journal={Journal of memory and language},
volume={68},
number={3},
pages={255--278},
year={2013},
publisher={Elsevier}
}

@article{clark1973language,
  title={The language-as-fixed-effect fallacy: A critique of language statistics in psychological research},
  author={Clark, Herbert H},
  journal={Journal of verbal learning and verbal behavior},
  volume={12},
  number={4},
  pages={335--359},
  year={1973},
  publisher={Elsevier}
}


@article{lo2015transform,
title={To transform or not to transform: Using generalized linear mixed models to analyse reaction time data},
author={Lo, Steson and Andrews, Sally},
journal={Frontiers in psychology},
volume={6},
pages={1171},
year={2015},
publisher={Frontiers}
}

@article{casals2014methodological,
title={Methodological quality and reporting of generalized linear mixed models in clinical medicine (2000--2012): a systematic review},
author={Casals, Marti and Girabent-Farres, Montserrat and Carrasco, Josep L},
journal={PloS one},
volume={9},
number={11},
pages={e112653},
year={2014},
publisher={Public Library of Science}
}

@article{textor2011dagitty,
title={DAGitty: a graphical tool for analyzing causal diagrams},
author={Textor, Johannes and Hardt, Juliane and Kn{\"u}ppel, Sven},
journal={Epidemiology},
volume={22},
number={5},
pages={745},
year={2011},
publisher={LWW}
}


% Experimental design
@Misc{experimentalDesignAssistant,
title={Experimental Design: Independent Variables},
author={National Center for the Replacement, Refinement and Reduction of Animals in Research},
year={2021},
url = {"https://eda.nc3rs.org.uk/experimental-design-variables"}
}

% Study and experimental design
@article{de2015jspsych,
title={jsPsych: A JavaScript library for creating behavioral experiments in a Web browser},
author={De Leeuw, Joshua R},
journal={Behavior research methods},
volume={47},
number={1},
pages={1--12},
year={2015},
publisher={Springer}
}

@misc{edibble,
author =    {Emi Tanaka},
title =     {Edibble: An R-package to construct designs using the grammar of experimental design},
year={2021},
url = {https://github.com/emitanaka/edibble}
}

@article{blair2019declaring,
title={Declaring and diagnosing research designs},
author={Blair, Graeme and Cooper, Jasper and Coppock, Alexander and Humphreys, Macartan},
journal={American Political Science Review},
volume={113},
number={3},
pages={838--859},
year={2019},
publisher={Cambridge University Press}
}

@Misc{gosset,
author =    {Sloane, N.J.A. and Hardin, R.H.},
title =     {Gosset: A General-purpose program for designing experiments},
year={2017},
url = "http://neilsloane.com/gosset/"
}

@article{blair2019declareDesign,
title={Declaring and diagnosing research designs},
author={Blair, Graeme and Cooper, Jasper and Coppock, Alexander and Humphreys, Macartan},
journal={American Political Science Review},
volume={113},
number={3},
pages={838--859},
year={2019},
publisher={Cambridge University Press}
}

@article{arslan2020formr,
title={formr: A study framework allowing for automated feedback generation and complex longitudinal experience-sampling studies using R},
author={Arslan, Ruben C and Walther, Matthias P and Tata, Cyril S},
journal={Behavior Research Methods},
volume={52},
number={1},
pages={376--387},
year={2020},
publisher={Springer}
}

@article{harrison2020psychtestr,
title={psychTestR: An R package for designing and conducting behavioural psychological experiments},
author={Harrison, Peter},
journal={The Journal of Open Source Software},
volume={5},
number={49},
year={2020}
}

@article{peirce2007psychopy,
title={PsychoPy—psychophysics software in Python},
author={Peirce, Jonathan W},
journal={Journal of neuroscience methods},
volume={162},
number={1-2},
pages={8--13},
year={2007},
publisher={Elsevier}
}

@incollection{borgo2012psychtoolbox,
title={Psychtoolbox: sound, keyboard and mouse},
author={Borgo, Mauro and Soranzo, Alessandro and Grassi, Massimo},
booktitle={MATLAB for Psychologists},
pages={249--273},
year={2012},
publisher={Springer}
}

@Misc{jspsychR,
author =    {Crump, Matthew J.C.},
title =     {JsPsychR},
url = "https://www.crumplab.com/jspsychr/articles/jspsychr.html",
year = {2019}
}

@Misc{xprmntr,
author =    {Navarro, Danielle},
title =     {xprmntr},
url = "https://djnavarro.net/xprmntr/",
year = {2019}
}


@inproceedings{lloyd2014automatic,
  title={Automatic construction and natural-language description of nonparametric regression models},
  author={Lloyd, James and Duvenaud, David and Grosse, Roger and Tenenbaum, Joshua and Ghahramani, Zoubin},
  booktitle={Proceedings of the AAAI Conference on Artificial Intelligence},
  volume={28},
  number={1},
  year={2014}
}

@inproceedings{autosklearn,
 author = {Feurer, Matthias and Klein, Aaron and Eggensperger, Katharina and Springenberg, Jost and Blum, Manuel and Hutter, Frank},
 booktitle = {Advances in Neural Information Processing Systems},
 editor = {C. Cortes and N. Lawrence and D. Lee and M. Sugiyama and R. Garnett},
 pages = {},
 publisher = {Curran Associates, Inc.},
 title = {Efficient and Robust Automated Machine Learning},
 url = {https://proceedings.neurips.cc/paper/2015/file/11d0e6287202fced83f79975ec59a3a6-Paper.pdf},
 volume = {28},
 year = {2015}
}

@InProceedings{autoweka,
    author =   {C. Thornton and F. Hutter and H.~H. Hoos and K. Leyton-Brown},
    title =  {Auto-{WEKA}: Combined Selection and Hyperparameter Optimization of Classification Algorithms},
    booktitle = {Proc.~of KDD-2013},
    year = 2013,
    pages = {847-855}
}

@article{H2OAutoML20,
    title = {{H2O} {A}uto{ML}: Scalable Automatic Machine Learning},
    author = {Erin LeDell and Sebastien Poirier},
    year = {2020},
    month = {July},
    journal = {7th ICML Workshop on Automated Machine Learning (AutoML)},
    url = {https://www.automl.org/wp-content/uploads/2020/07/AutoML_2020_paper_61.pdf},
}


@book{cohen2013applied,
title={Applied multiple regression/correlation analysis for the behavioral sciences},
author={Cohen, Jacob and Cohen, Patricia and West, Stephen G and Aiken, Leona S},
year={2013},
publisher={Routledge}
}

@book{kreft1998introducing,
title={Introducing multilevel modeling},
author={Kreft, Ita GG and Kreft, Ita and de Leeuw, Jan},
year={1998},
publisher={Sage}
}

@article{barr2013randomUpdated,
title={Random effects structure for testing interactions in linear mixed-effects models},
author={Barr, Dale J},
journal={Frontiers in psychology},
volume={4},
pages={328},
year={2013},
publisher={Frontiers}
}

@Misc{gelmanFixedRandom,
author =    {Gelman, Andrew},
title =     {Why I don't use the term “fixed and random effects”},
year={2005},
url = "https://statmodeling.stat.columbia.edu/2005/01/25/why_i_dont_use/"
}

@book{pearl2016causal,
title={Causal inference in statistics: A primer},
author={Pearl, Judea and Glymour, Madelyn and Jewell, Nicholas P},
year={2016},
publisher={John Wiley \& Sons}
}

@Misc{jaysire,
author =    {Danielle Navarro},
title =     {Jaysire: Building jsPysch Experiments in R},
year={2021},
url = "https://github.com/djnavarro/jaysire"
}

@article{nelder1972generalized,
title={Generalized linear models},
author={Nelder, John Ashworth and Wedderburn, Robert WM},
journal={Journal of the Royal Statistical Society: Series A (General)},
volume={135},
number={3},
pages={370--384},
year={1972},
publisher={Wiley Online Library}
}

@inproceedings{ferdowsifard2020small,
title={Small-Step Live Programming by Example},
author={Ferdowsifard, Kasra and Ordookhanians, Allen and Peleg, Hila and Lerner, Sorin and Polikarpova, Nadia},
booktitle={Proceedings of the 33rd Annual ACM Symposium on User Interface Software and Technology},
pages={614--626},
year={2020}
}

@Misc{termgraph,
author =    {Marcus Kazmierczak},
title =     {Termgraph: a python command-line tool which draws basic graphs in the terminal},
year={2021},
url = "https://github.com/mkaz/termgraph"
}

@phdthesis{mcnamara2015bridging,
title={Bridging the gap between tools for learning and for doing statistics},
author={McNamara, Amelia Ahlers},
year={2015},
school={UCLA}
}

@inproceedings{kery2020mage,
title={mage: Fluid Moves Between Code and Graphical Work in Computational Notebooks},
author={Kery, Mary Beth and Ren, Donghao and Hohman, Fred and Moritz, Dominik and Wongsuphasawat, Kanit and Patel, Kayur},
booktitle={Proceedings of the 33rd Annual ACM Symposium on User Interface Software and Technology},
pages={140--151},
year={2020}
}

@inproceedings{wu2020b2,
title={B2: Bridging Code and Interactive Visualization in Computational Notebooks},
author={Wu, Yifan and Hellerstein, Joseph M and Satyanarayan, Arvind},
booktitle={Proceedings of the 33rd Annual ACM Symposium on User Interface Software and Technology},
pages={152--165},
year={2020}
}

@article{liu2020boba,
title={Boba: Authoring and visualizing multiverse analyses},
author={Liu, Yang and Kale, Alex and Althoff, Tim and Heer, Jeffrey},
journal={IEEE Transactions on Visualization and Computer Graphics},
year={2020},
publisher={IEEE}
}

@article{lauridsen1999pigGrowth,
title={Influence of dietary rapeseed oil, vitamin E, and copper on the performance and the antioxidative and oxidative status of pigs},
author={Lauridsen, Charlotte and H{\o}jsgaard, S{\o}ren and S{\o}rensen, Martin Tang},
journal={Journal of animal science},
volume={77},
number={4},
pages={906--916},
year={1999},
publisher={Oxford University Press}
}

@Misc{statsmodelsLMEMExample,
author =    {Statsmodels},
title =     {Statsmodels: Linear Mixed Effects Models},
year={2021},
url = "https://www.statsmodels.org/stable/examples/notebooks/generated/mixed_lm_example.html"
}

@article{team2013r,
title={R: A language and environment for statistical computing},
author={Team, R Core and others},
year={2013},
publisher={Vienna, Austria}
}

@article{sanner1999python,
title={Python: a programming language for software integration and development},
author={Sanner, Michel F and others},
journal={J Mol Graph Model},
volume={17},
number={1},
pages={57--61},
year={1999}
}

@article{peirce2019psychopy2,
title={PsychoPy2: Experiments in behavior made easy},
author={Peirce, Jonathan and Gray, Jeremy R and Simpson, Sol and MacAskill, Michael and H{\"o}chenberger, Richard and Sogo, Hiroyuki and Kastman, Erik and Lindel{\o}v, Jonas Kristoffer},
journal={Behavior research methods},
volume={51},
number={1},
pages={195--203},
year={2019},
publisher={Springer}
}

% Validity
@inproceedings{neto2013conceptual,
  title={A conceptual model to address threats to validity in controlled experiments},
  author={Neto, Amadeu Anderlin and Conte, Tayana},
  booktitle={Proceedings of the 17th International Conference on Evaluation and Assessment in Software Engineering},
  pages={82--85},
  year={2013}
}

@article{shadish2010campbell,
  title={Campbell and Rubin: A primer and comparison of their approaches to causal inference in field settings.},
  author={Shadish, William R},
  journal={Psychological methods},
  volume={15},
  number={1},
  pages={3},
  year={2010},
  publisher={American Psychological Association}
}

@article{matthay2020causalDAGEpi,
  title={A graphical catalog of threats to validity: Linking social science with epidemiology},
  author={Matthay, Ellicott C and Glymour, M Maria},
  journal={Epidemiology (Cambridge, Mass.)},
  volume={31},
  number={3},
  pages={376},
  year={2020},
  publisher={Wolters Kluwer Health}
}


% Database
@article{chen1976ERDiagram,
title={The entity-relationship model—toward a unified view of data},
author={Chen, Peter Pin-Shan},
journal={ACM transactions on database systems (TODS)},
volume={1},
number={1},
pages={9--36},
year={1976},
publisher={Acm New York, NY, USA}
}

% Iterative modeling workflows 
@article{yu2020veridical,
title={Veridical data science},
author={Yu, Bin and Kumbier, Karl},
journal={Proceedings of the National Academy of Sciences},
volume={117},
number={8},
pages={3920--3929},
year={2020},
publisher={National Acad Sciences}
}

@article{lee2019robust,
title={Robust modeling in cognitive science},
author={Lee, Michael D and Criss, Amy H and Devezer, Berna and Donkin, Christopher and Etz, Alexander and Leite, F{\'a}bio P and Matzke, Dora and Rouder, Jeffrey N and Trueblood, Jennifer S and White, Corey N and others},
journal={Computational Brain \& Behavior},
volume={2},
number={3},
pages={141--153},
year={2019},
publisher={Springer}
}

@book{gelman2013bayesianTextbook,
title={Bayesian data analysis},
author={Gelman, Andrew and Carlin, John B and Stern, Hal S and Dunson, David B and Vehtari, Aki and Rubin, Donald B},
year={2013},
publisher={CRC press}
}

@misc{betancourt2020bayesianWorkflow, 
author =    {Betancourt, Michael},
title =     {Towards a Principled Bayesian Workflow},
year =      {2020},
url = "https://betanalpha.github.io/assets/case_studies/principled_bayesian_workflow.html"
}

@article{gelman2020bayesianWorkflow,
title={Bayesian workflow},
author={Gelman, Andrew and Vehtari, Aki and Simpson, Daniel and Margossian, Charles C and Carpenter, Bob and Yao, Yuling and Kennedy, Lauren and Gabry, Jonah and B{\"u}rkner, Paul-Christian and Modr{\'a}k, Martin},
journal={arXiv preprint arXiv:2011.01808},
year={2020}
}

% STS
@article{star1989boundaryObjects,
  title={Institutional ecology,translations' and boundary objects: Amateurs and professionals in Berkeley's Museum of Vertebrate Zoology, 1907-39},
  author={Star, Susan Leigh and Griesemer, James R},
  journal={Social studies of science},
  volume={19},
  number={3},
  pages={387--420},
  year={1989},
  publisher={Sage Publications London}
}


% Misc 
% Exploratory lab study paper 
@inproceedings{winters2021heartbeat,
  title={Can You Hear My Heartbeat?: Hearing an Expressive Biosignal Elicits Empathy},
  author={Winters, R Michael and Walker, Bruce N and Leslie, Grace},
  booktitle={Proceedings of the 2021 CHI Conference on Human Factors in Computing Systems},
  pages={1--11},
  year={2021}
}